[
    {
        "asOfDate": "2022-01-31 00:00:00",
        "periodType": "12M",
        "currencyCode": "USD",
        "BasicAverageShares": 24960000000.0,
        "BasicEPS": 0.391,
        "CostOfRevenue": 9439000000.0,
        "DilutedAverageShares": 25350000000.0,
        "DilutedEPS": 0.385,
        "DilutedNIAvailtoComStockholders": 9752000000.0,
        "EBIT": 10177000000.0,
        "EBITDA": 11351000000.0,
        "GrossProfit": 17475000000.0,
        "InterestExpense": 236000000.0,
        "InterestExpenseNonOperating": 236000000.0,
        "InterestIncome": 29000000.0,
        "InterestIncomeNonOperating": 29000000.0,
        "NetIncome": 9752000000.0,
        "NetIncomeCommonStockholders": 9752000000.0,
        "NetIncomeContinuousOperations": 9752000000.0,
        "NetIncomeFromContinuingAndDiscontinuedOperation": 9752000000.0,
        "NetIncomeFromContinuingOperationNetMinorityInterest": 9752000000.0,
        "NetIncomeIncludingNoncontrollingInterests": 9752000000.0,
        "NetInterestIncome": -207000000.0,
        "NetNonOperatingInterestIncomeExpense": -207000000.0,
        "NormalizedEBITDA": 11351000000.0,
        "NormalizedIncome": 9752000000.0,
        "OperatingExpense": 7434000000.0,
        "OperatingIncome": 10041000000.0,
        "OperatingRevenue": 26914000000.0,
        "OtherIncomeExpense": 107000000.0,
        "OtherNonOperatingIncomeExpenses": 107000000.0,
        "PretaxIncome": 9941000000.0,
        "ReconciledCostOfRevenue": 9439000000.0,
        "ReconciledDepreciation": 1174000000.0,
        "ResearchAndDevelopment": 5268000000.0,
        "RestructuringAndMergernAcquisition": 0.0,
        "SellingGeneralAndAdministration": 2166000000.0,
        "SpecialIncomeCharges": 0.0,
        "TaxEffectOfUnusualItems": 0.0,
        "TaxProvision": 189000000.0,
        "TaxRateForCalcs": 0.019,
        "TotalExpenses": 16873000000.0,
        "TotalOperatingIncomeAsReported": 10041000000.0,
        "TotalRevenue": 26914000000.0,
        "TotalUnusualItems": 0.0,
        "TotalUnusualItemsExcludingGoodwill": 0.0
    },
    {
        "asOfDate": "2023-01-31 00:00:00",
        "periodType": "12M",
        "currencyCode": "USD",
        "BasicAverageShares": 24870000000.0,
        "BasicEPS": 0.176,
        "CostOfRevenue": 11618000000.0,
        "DilutedAverageShares": 25070000000.0,
        "DilutedEPS": 0.174,
        "DilutedNIAvailtoComStockholders": 4368000000.0,
        "EBIT": 4443000000.0,
        "EBITDA": 5986000000.0,
        "GrossProfit": 15356000000.0,
        "InterestExpense": 262000000.0,
        "InterestExpenseNonOperating": 262000000.0,
        "InterestIncome": 267000000.0,
        "InterestIncomeNonOperating": 267000000.0,
        "NetIncome": 4368000000.0,
        "NetIncomeCommonStockholders": 4368000000.0,
        "NetIncomeContinuousOperations": 4368000000.0,
        "NetIncomeFromContinuingAndDiscontinuedOperation": 4368000000.0,
        "NetIncomeFromContinuingOperationNetMinorityInterest": 4368000000.0,
        "NetIncomeIncludingNoncontrollingInterests": 4368000000.0,
        "NetInterestIncome": 5000000.0,
        "NetNonOperatingInterestIncomeExpense": 5000000.0,
        "NormalizedEBITDA": 7339000000.0,
        "NormalizedIncome": 5436870000.0,
        "OperatingExpense": 9779000000.0,
        "OperatingIncome": 5577000000.0,
        "OperatingRevenue": 26974000000.0,
        "OtherIncomeExpense": -1401000000.0,
        "OtherNonOperatingIncomeExpenses": -48000000.0,
        "PretaxIncome": 4181000000.0,
        "ReconciledCostOfRevenue": 11618000000.0,
        "ReconciledDepreciation": 1543000000.0,
        "ResearchAndDevelopment": 7339000000.0,
        "RestructuringAndMergernAcquisition": 1353000000.0,
        "SellingGeneralAndAdministration": 2440000000.0,
        "SpecialIncomeCharges": -1353000000.0,
        "TaxEffectOfUnusualItems": -284130000.0,
        "TaxProvision": -187000000.0,
        "TaxRateForCalcs": 0.21,
        "TotalExpenses": 21397000000.0,
        "TotalOperatingIncomeAsReported": 4224000000.0,
        "TotalRevenue": 26974000000.0,
        "TotalUnusualItems": -1353000000.0,
        "TotalUnusualItemsExcludingGoodwill": -1353000000.0
    },
    {
        "asOfDate": "2023-10-31 00:00:00",
        "periodType": "TTM",
        "currencyCode": "USD",
        "BasicAverageShares": 2468250000.0,
        "BasicEPS": 7.65,
        "CostOfRevenue": NaN,
        "DilutedAverageShares": 2489750000.0,
        "DilutedEPS": 7.58,
        "DilutedNIAvailtoComStockholders": NaN,
        "EBIT": NaN,
        "EBITDA": NaN,
        "GrossProfit": NaN,
        "InterestExpense": NaN,
        "InterestExpenseNonOperating": NaN,
        "InterestIncome": NaN,
        "InterestIncomeNonOperating": NaN,
        "NetIncome": NaN,
        "NetIncomeCommonStockholders": NaN,
        "NetIncomeContinuousOperations": NaN,
        "NetIncomeFromContinuingAndDiscontinuedOperation": NaN,
        "NetIncomeFromContinuingOperationNetMinorityInterest": NaN,
        "NetIncomeIncludingNoncontrollingInterests": NaN,
        "NetInterestIncome": NaN,
        "NetNonOperatingInterestIncomeExpense": NaN,
        "NormalizedEBITDA": NaN,
        "NormalizedIncome": NaN,
        "OperatingExpense": NaN,
        "OperatingIncome": NaN,
        "OperatingRevenue": NaN,
        "OtherIncomeExpense": NaN,
        "OtherNonOperatingIncomeExpenses": NaN,
        "PretaxIncome": NaN,
        "ReconciledCostOfRevenue": NaN,
        "ReconciledDepreciation": NaN,
        "ResearchAndDevelopment": NaN,
        "RestructuringAndMergernAcquisition": NaN,
        "SellingGeneralAndAdministration": NaN,
        "SpecialIncomeCharges": NaN,
        "TaxEffectOfUnusualItems": NaN,
        "TaxProvision": NaN,
        "TaxRateForCalcs": NaN,
        "TotalExpenses": NaN,
        "TotalOperatingIncomeAsReported": NaN,
        "TotalRevenue": NaN,
        "TotalUnusualItems": NaN,
        "TotalUnusualItemsExcludingGoodwill": NaN
    },
    {
        "asOfDate": "2024-01-31 00:00:00",
        "periodType": "12M",
        "currencyCode": "USD",
        "BasicAverageShares": 24690000000.0,
        "BasicEPS": 1.21,
        "CostOfRevenue": 16621000000.0,
        "DilutedAverageShares": 24940000000.0,
        "DilutedEPS": 1.19,
        "DilutedNIAvailtoComStockholders": 29760000000.0,
        "EBIT": 34075000000.0,
        "EBITDA": 35583000000.0,
        "GrossProfit": 44301000000.0,
        "InterestExpense": 257000000.0,
        "InterestExpenseNonOperating": 257000000.0,
        "InterestIncome": 866000000.0,
        "InterestIncomeNonOperating": 866000000.0,
        "NetIncome": 29760000000.0,
        "NetIncomeCommonStockholders": 29760000000.0,
        "NetIncomeContinuousOperations": 29760000000.0,
        "NetIncomeFromContinuingAndDiscontinuedOperation": 29760000000.0,
        "NetIncomeFromContinuingOperationNetMinorityInterest": 29760000000.0,
        "NetIncomeIncludingNoncontrollingInterests": 29760000000.0,
        "NetInterestIncome": 609000000.0,
        "NetNonOperatingInterestIncomeExpense": 609000000.0,
        "NormalizedEBITDA": 35583000000.0,
        "NormalizedIncome": 29760000000.0,
        "OperatingExpense": 11329000000.0,
        "OperatingIncome": 32972000000.0,
        "OperatingRevenue": 60922000000.0,
        "OtherIncomeExpense": 237000000.0,
        "OtherNonOperatingIncomeExpenses": 237000000.0,
        "PretaxIncome": 33818000000.0,
        "ReconciledCostOfRevenue": 16621000000.0,
        "ReconciledDepreciation": 1508000000.0,
        "ResearchAndDevelopment": 8675000000.0,
        "RestructuringAndMergernAcquisition": 0.0,
        "SellingGeneralAndAdministration": 2654000000.0,
        "SpecialIncomeCharges": 0.0,
        "TaxEffectOfUnusualItems": 0.0,
        "TaxProvision": 4058000000.0,
        "TaxRateForCalcs": 0.12,
        "TotalExpenses": 27950000000.0,
        "TotalOperatingIncomeAsReported": 32972000000.0,
        "TotalRevenue": 60922000000.0,
        "TotalUnusualItems": 0.0,
        "TotalUnusualItemsExcludingGoodwill": 0.0
    },
    {
        "asOfDate": "2024-01-31 00:00:00",
        "periodType": "TTM",
        "currencyCode": "USD",
        "BasicAverageShares": 2469000000.0,
        "BasicEPS": 12.05,
        "CostOfRevenue": NaN,
        "DilutedAverageShares": 2494000000.0,
        "DilutedEPS": 11.93,
        "DilutedNIAvailtoComStockholders": NaN,
        "EBIT": NaN,
        "EBITDA": NaN,
        "GrossProfit": NaN,
        "InterestExpense": NaN,
        "InterestExpenseNonOperating": NaN,
        "InterestIncome": NaN,
        "InterestIncomeNonOperating": NaN,
        "NetIncome": NaN,
        "NetIncomeCommonStockholders": NaN,
        "NetIncomeContinuousOperations": NaN,
        "NetIncomeFromContinuingAndDiscontinuedOperation": NaN,
        "NetIncomeFromContinuingOperationNetMinorityInterest": NaN,
        "NetIncomeIncludingNoncontrollingInterests": NaN,
        "NetInterestIncome": NaN,
        "NetNonOperatingInterestIncomeExpense": NaN,
        "NormalizedEBITDA": NaN,
        "NormalizedIncome": NaN,
        "OperatingExpense": NaN,
        "OperatingIncome": NaN,
        "OperatingRevenue": NaN,
        "OtherIncomeExpense": NaN,
        "OtherNonOperatingIncomeExpenses": NaN,
        "PretaxIncome": NaN,
        "ReconciledCostOfRevenue": NaN,
        "ReconciledDepreciation": NaN,
        "ResearchAndDevelopment": NaN,
        "RestructuringAndMergernAcquisition": NaN,
        "SellingGeneralAndAdministration": NaN,
        "SpecialIncomeCharges": NaN,
        "TaxEffectOfUnusualItems": NaN,
        "TaxProvision": NaN,
        "TaxRateForCalcs": NaN,
        "TotalExpenses": NaN,
        "TotalOperatingIncomeAsReported": NaN,
        "TotalRevenue": NaN,
        "TotalUnusualItems": NaN,
        "TotalUnusualItemsExcludingGoodwill": NaN
    },
    {
        "asOfDate": "2024-04-30 00:00:00",
        "periodType": "TTM",
        "currencyCode": "USD",
        "BasicAverageShares": 24670000000.0,
        "BasicEPS": 1.726,
        "CostOfRevenue": NaN,
        "DilutedAverageShares": 24937500000.0,
        "DilutedEPS": 1.709,
        "DilutedNIAvailtoComStockholders": NaN,
        "EBIT": NaN,
        "EBITDA": NaN,
        "GrossProfit": NaN,
        "InterestExpense": NaN,
        "InterestExpenseNonOperating": NaN,
        "InterestIncome": NaN,
        "InterestIncomeNonOperating": NaN,
        "NetIncome": NaN,
        "NetIncomeCommonStockholders": NaN,
        "NetIncomeContinuousOperations": NaN,
        "NetIncomeFromContinuingAndDiscontinuedOperation": NaN,
        "NetIncomeFromContinuingOperationNetMinorityInterest": NaN,
        "NetIncomeIncludingNoncontrollingInterests": NaN,
        "NetInterestIncome": NaN,
        "NetNonOperatingInterestIncomeExpense": NaN,
        "NormalizedEBITDA": NaN,
        "NormalizedIncome": NaN,
        "OperatingExpense": NaN,
        "OperatingIncome": NaN,
        "OperatingRevenue": NaN,
        "OtherIncomeExpense": NaN,
        "OtherNonOperatingIncomeExpenses": NaN,
        "PretaxIncome": NaN,
        "ReconciledCostOfRevenue": NaN,
        "ReconciledDepreciation": NaN,
        "ResearchAndDevelopment": NaN,
        "RestructuringAndMergernAcquisition": NaN,
        "SellingGeneralAndAdministration": NaN,
        "SpecialIncomeCharges": NaN,
        "TaxEffectOfUnusualItems": NaN,
        "TaxProvision": NaN,
        "TaxRateForCalcs": NaN,
        "TotalExpenses": NaN,
        "TotalOperatingIncomeAsReported": NaN,
        "TotalRevenue": NaN,
        "TotalUnusualItems": NaN,
        "TotalUnusualItemsExcludingGoodwill": NaN
    },
    {
        "asOfDate": "2024-07-31 00:00:00",
        "periodType": "TTM",
        "currencyCode": "USD",
        "BasicAverageShares": 24631500000.0,
        "BasicEPS": 2.155,
        "CostOfRevenue": NaN,
        "DilutedAverageShares": 24900500000.0,
        "DilutedEPS": 2.133,
        "DilutedNIAvailtoComStockholders": NaN,
        "EBIT": NaN,
        "EBITDA": NaN,
        "GrossProfit": NaN,
        "InterestExpense": NaN,
        "InterestExpenseNonOperating": NaN,
        "InterestIncome": NaN,
        "InterestIncomeNonOperating": NaN,
        "NetIncome": NaN,
        "NetIncomeCommonStockholders": NaN,
        "NetIncomeContinuousOperations": NaN,
        "NetIncomeFromContinuingAndDiscontinuedOperation": NaN,
        "NetIncomeFromContinuingOperationNetMinorityInterest": NaN,
        "NetIncomeIncludingNoncontrollingInterests": NaN,
        "NetInterestIncome": NaN,
        "NetNonOperatingInterestIncomeExpense": NaN,
        "NormalizedEBITDA": NaN,
        "NormalizedIncome": NaN,
        "OperatingExpense": NaN,
        "OperatingIncome": NaN,
        "OperatingRevenue": NaN,
        "OtherIncomeExpense": NaN,
        "OtherNonOperatingIncomeExpenses": NaN,
        "PretaxIncome": NaN,
        "ReconciledCostOfRevenue": NaN,
        "ReconciledDepreciation": NaN,
        "ResearchAndDevelopment": NaN,
        "RestructuringAndMergernAcquisition": NaN,
        "SellingGeneralAndAdministration": NaN,
        "SpecialIncomeCharges": NaN,
        "TaxEffectOfUnusualItems": NaN,
        "TaxProvision": NaN,
        "TaxRateForCalcs": NaN,
        "TotalExpenses": NaN,
        "TotalOperatingIncomeAsReported": NaN,
        "TotalRevenue": NaN,
        "TotalUnusualItems": NaN,
        "TotalUnusualItemsExcludingGoodwill": NaN
    },
    {
        "asOfDate": "2024-10-31 00:00:00",
        "periodType": "TTM",
        "currencyCode": "USD",
        "BasicAverageShares": 24597750000.0,
        "BasicEPS": 2.565,
        "CostOfRevenue": NaN,
        "DilutedAverageShares": 24862750000.0,
        "DilutedEPS": 2.533,
        "DilutedNIAvailtoComStockholders": NaN,
        "EBIT": NaN,
        "EBITDA": NaN,
        "GrossProfit": NaN,
        "InterestExpense": NaN,
        "InterestExpenseNonOperating": NaN,
        "InterestIncome": NaN,
        "InterestIncomeNonOperating": NaN,
        "NetIncome": NaN,
        "NetIncomeCommonStockholders": NaN,
        "NetIncomeContinuousOperations": NaN,
        "NetIncomeFromContinuingAndDiscontinuedOperation": NaN,
        "NetIncomeFromContinuingOperationNetMinorityInterest": NaN,
        "NetIncomeIncludingNoncontrollingInterests": NaN,
        "NetInterestIncome": NaN,
        "NetNonOperatingInterestIncomeExpense": NaN,
        "NormalizedEBITDA": NaN,
        "NormalizedIncome": NaN,
        "OperatingExpense": NaN,
        "OperatingIncome": NaN,
        "OperatingRevenue": NaN,
        "OtherIncomeExpense": NaN,
        "OtherNonOperatingIncomeExpenses": NaN,
        "PretaxIncome": NaN,
        "ReconciledCostOfRevenue": NaN,
        "ReconciledDepreciation": NaN,
        "ResearchAndDevelopment": NaN,
        "RestructuringAndMergernAcquisition": NaN,
        "SellingGeneralAndAdministration": NaN,
        "SpecialIncomeCharges": NaN,
        "TaxEffectOfUnusualItems": NaN,
        "TaxProvision": NaN,
        "TaxRateForCalcs": NaN,
        "TotalExpenses": NaN,
        "TotalOperatingIncomeAsReported": NaN,
        "TotalRevenue": NaN,
        "TotalUnusualItems": NaN,
        "TotalUnusualItemsExcludingGoodwill": NaN
    },
    {
        "asOfDate": "2025-01-31 00:00:00",
        "periodType": "12M",
        "currencyCode": "USD",
        "BasicAverageShares": 24555000000.0,
        "BasicEPS": 2.97,
        "CostOfRevenue": 32639000000.0,
        "DilutedAverageShares": 24804000000.0,
        "DilutedEPS": 2.94,
        "DilutedNIAvailtoComStockholders": 72880000000.0,
        "EBIT": 84273000000.0,
        "EBITDA": 86137000000.0,
        "GrossProfit": 97858000000.0,
        "InterestExpense": 247000000.0,
        "InterestExpenseNonOperating": 247000000.0,
        "InterestIncome": 1786000000.0,
        "InterestIncomeNonOperating": 1786000000.0,
        "NetIncome": 72880000000.0,
        "NetIncomeCommonStockholders": 72880000000.0,
        "NetIncomeContinuousOperations": 72880000000.0,
        "NetIncomeFromContinuingAndDiscontinuedOperation": 72880000000.0,
        "NetIncomeFromContinuingOperationNetMinorityInterest": 72880000000.0,
        "NetIncomeIncludingNoncontrollingInterests": 72880000000.0,
        "NetInterestIncome": 1539000000.0,
        "NetNonOperatingInterestIncomeExpense": 1539000000.0,
        "NormalizedEBITDA": 86137000000.0,
        "NormalizedIncome": 72880000000.0,
        "OperatingExpense": 16405000000.0,
        "OperatingIncome": 81453000000.0,
        "OperatingRevenue": 130497000000.0,
        "OtherIncomeExpense": 1034000000.0,
        "OtherNonOperatingIncomeExpenses": 1034000000.0,
        "PretaxIncome": 84026000000.0,
        "ReconciledCostOfRevenue": 32639000000.0,
        "ReconciledDepreciation": 1864000000.0,
        "ResearchAndDevelopment": 12914000000.0,
        "RestructuringAndMergernAcquisition": 0.0,
        "SellingGeneralAndAdministration": 3491000000.0,
        "SpecialIncomeCharges": 0.0,
        "TaxEffectOfUnusualItems": 0.0,
        "TaxProvision": 11146000000.0,
        "TaxRateForCalcs": 0.133,
        "TotalExpenses": 49044000000.0,
        "TotalOperatingIncomeAsReported": 81453000000.0,
        "TotalRevenue": 130497000000.0,
        "TotalUnusualItems": 0.0,
        "TotalUnusualItemsExcludingGoodwill": 0.0
    },
    {
        "asOfDate": "2025-01-31 00:00:00",
        "periodType": "TTM",
        "currencyCode": "USD",
        "BasicAverageShares": 24555000000.0,
        "BasicEPS": 2.97,
        "CostOfRevenue": 32639000000.0,
        "DilutedAverageShares": 24804000000.0,
        "DilutedEPS": 2.94,
        "DilutedNIAvailtoComStockholders": 72880000000.0,
        "EBIT": 84273000000.0,
        "EBITDA": NaN,
        "GrossProfit": 97858000000.0,
        "InterestExpense": 247000000.0,
        "InterestExpenseNonOperating": 247000000.0,
        "InterestIncome": NaN,
        "InterestIncomeNonOperating": 1786000000.0,
        "NetIncome": 72880000000.0,
        "NetIncomeCommonStockholders": 72880000000.0,
        "NetIncomeContinuousOperations": 72880000000.0,
        "NetIncomeFromContinuingAndDiscontinuedOperation": 72880000000.0,
        "NetIncomeFromContinuingOperationNetMinorityInterest": 72880000000.0,
        "NetIncomeIncludingNoncontrollingInterests": 72880000000.0,
        "NetInterestIncome": 1539000000.0,
        "NetNonOperatingInterestIncomeExpense": 1539000000.0,
        "NormalizedEBITDA": 86137000000.0,
        "NormalizedIncome": 72880000000.0,
        "OperatingExpense": 16405000000.0,
        "OperatingIncome": 81453000000.0,
        "OperatingRevenue": 130497000000.0,
        "OtherIncomeExpense": 1034000000.0,
        "OtherNonOperatingIncomeExpenses": 1034000000.0,
        "PretaxIncome": 84026000000.0,
        "ReconciledCostOfRevenue": 32639000000.0,
        "ReconciledDepreciation": 1864000000.0,
        "ResearchAndDevelopment": 12914000000.0,
        "RestructuringAndMergernAcquisition": 0.0,
        "SellingGeneralAndAdministration": 3491000000.0,
        "SpecialIncomeCharges": 0.0,
        "TaxEffectOfUnusualItems": 0.0,
        "TaxProvision": 11146000000.0,
        "TaxRateForCalcs": 0.133,
        "TotalExpenses": 49044000000.0,
        "TotalOperatingIncomeAsReported": 81453000000.0,
        "TotalRevenue": 130497000000.0,
        "TotalUnusualItems": 0.0,
        "TotalUnusualItemsExcludingGoodwill": 0.0
    },
    {
        "asOfDate": "2025-04-30 00:00:00",
        "periodType": "TTM",
        "currencyCode": "USD",
        "BasicAverageShares": NaN,
        "BasicEPS": NaN,
        "CostOfRevenue": NaN,
        "DilutedAverageShares": NaN,
        "DilutedEPS": NaN,
        "DilutedNIAvailtoComStockholders": NaN,
        "EBIT": NaN,
        "EBITDA": NaN,
        "GrossProfit": NaN,
        "InterestExpense": NaN,
        "InterestExpenseNonOperating": NaN,
        "InterestIncome": NaN,
        "InterestIncomeNonOperating": NaN,
        "NetIncome": 76774000000.0,
        "NetIncomeCommonStockholders": NaN,
        "NetIncomeContinuousOperations": NaN,
        "NetIncomeFromContinuingAndDiscontinuedOperation": 76774000000.0,
        "NetIncomeFromContinuingOperationNetMinorityInterest": NaN,
        "NetIncomeIncludingNoncontrollingInterests": NaN,
        "NetInterestIncome": NaN,
        "NetNonOperatingInterestIncomeExpense": NaN,
        "NormalizedEBITDA": NaN,
        "NormalizedIncome": 76774000000.0,
        "OperatingExpense": NaN,
        "OperatingIncome": NaN,
        "OperatingRevenue": NaN,
        "OtherIncomeExpense": NaN,
        "OtherNonOperatingIncomeExpenses": 779000000.0,
        "PretaxIncome": NaN,
        "ReconciledCostOfRevenue": 44395000000.0,
        "ReconciledDepreciation": NaN,
        "ResearchAndDevelopment": 14183000000.0,
        "RestructuringAndMergernAcquisition": NaN,
        "SellingGeneralAndAdministration": NaN,
        "SpecialIncomeCharges": NaN,
        "TaxEffectOfUnusualItems": NaN,
        "TaxProvision": NaN,
        "TaxRateForCalcs": NaN,
        "TotalExpenses": NaN,
        "TotalOperatingIncomeAsReported": NaN,
        "TotalRevenue": NaN,
        "TotalUnusualItems": 0.0,
        "TotalUnusualItemsExcludingGoodwill": NaN
    }
]