[
    {
        "asOfDate": "2020-12-31 00:00:00",
        "periodType": "12M",
        "currencyCode": "USD",
        "BasicAverageShares": NaN,
        "BasicEPS": NaN,
        "CostOfRevenue": NaN,
        "DilutedAverageShares": NaN,
        "DilutedEPS": NaN,
        "DilutedNIAvailtoComStockholders": NaN,
        "EBIT": NaN,
        "EBITDA": NaN,
        "EarningsFromEquityInterest": NaN,
        "GainOnSaleOfSecurity": NaN,
        "GeneralAndAdministrativeExpense": NaN,
        "GrossProfit": NaN,
        "InterestExpense": NaN,
        "InterestExpenseNonOperating": NaN,
        "InterestIncome": NaN,
        "InterestIncomeNonOperating": NaN,
        "NetIncome": NaN,
        "NetIncomeCommonStockholders": NaN,
        "NetIncomeContinuousOperations": NaN,
        "NetIncomeFromContinuingAndDiscontinuedOperation": NaN,
        "NetIncomeFromContinuingOperationNetMinorityInterest": NaN,
        "NetIncomeIncludingNoncontrollingInterests": NaN,
        "NetInterestIncome": NaN,
        "NetNonOperatingInterestIncomeExpense": NaN,
        "NormalizedEBITDA": NaN,
        "NormalizedIncome": NaN,
        "OperatingExpense": NaN,
        "OperatingIncome": NaN,
        "OperatingRevenue": NaN,
        "OtherGandA": NaN,
        "OtherIncomeExpense": NaN,
        "OtherNonOperatingIncomeExpenses": NaN,
        "PretaxIncome": NaN,
        "ReconciledCostOfRevenue": NaN,
        "ReconciledDepreciation": NaN,
        "ResearchAndDevelopment": NaN,
        "SellingAndMarketingExpense": NaN,
        "SellingGeneralAndAdministration": NaN,
        "SpecialIncomeCharges": 0.0,
        "TaxEffectOfUnusualItems": NaN,
        "TaxProvision": NaN,
        "TaxRateForCalcs": NaN,
        "TotalExpenses": NaN,
        "TotalOperatingIncomeAsReported": NaN,
        "TotalRevenue": NaN,
        "TotalUnusualItems": NaN,
        "TotalUnusualItemsExcludingGoodwill": NaN
    },
    {
        "asOfDate": "2021-12-31 00:00:00",
        "periodType": "12M",
        "currencyCode": "USD",
        "BasicAverageShares": 13353000000.0,
        "BasicEPS": 5.694,
        "CostOfRevenue": 110939000000.0,
        "DilutedAverageShares": 13553480000.0,
        "DilutedEPS": 5.61,
        "DilutedNIAvailtoComStockholders": 76033000000.0,
        "EBIT": 91080000000.0,
        "EBITDA": 103521000000.0,
        "EarningsFromEquityInterest": 334000000.0,
        "GainOnSaleOfSecurity": 12030000000.0,
        "GeneralAndAdministrativeExpense": 13510000000.0,
        "GrossProfit": 146698000000.0,
        "InterestExpense": 346000000.0,
        "InterestExpenseNonOperating": 346000000.0,
        "InterestIncome": 1499000000.0,
        "InterestIncomeNonOperating": 1499000000.0,
        "NetIncome": 76033000000.0,
        "NetIncomeCommonStockholders": 76033000000.0,
        "NetIncomeContinuousOperations": 76033000000.0,
        "NetIncomeFromContinuingAndDiscontinuedOperation": 76033000000.0,
        "NetIncomeFromContinuingOperationNetMinorityInterest": 76033000000.0,
        "NetIncomeIncludingNoncontrollingInterests": 76033000000.0,
        "NetInterestIncome": 1153000000.0,
        "NetNonOperatingInterestIncomeExpense": 1153000000.0,
        "NormalizedEBITDA": 91491000000.0,
        "NormalizedIncome": 65951860000.0,
        "OperatingExpense": 67984000000.0,
        "OperatingIncome": 78714000000.0,
        "OperatingRevenue": 257637000000.0,
        "OtherGandA": 13510000000.0,
        "OtherIncomeExpense": 10867000000.0,
        "OtherNonOperatingIncomeExpenses": -1497000000.0,
        "PretaxIncome": 90734000000.0,
        "ReconciledCostOfRevenue": 110939000000.0,
        "ReconciledDepreciation": 12441000000.0,
        "ResearchAndDevelopment": 31562000000.0,
        "SellingAndMarketingExpense": 22912000000.0,
        "SellingGeneralAndAdministration": 36422000000.0,
        "SpecialIncomeCharges": 0.0,
        "TaxEffectOfUnusualItems": 1948860000.0,
        "TaxProvision": 14701000000.0,
        "TaxRateForCalcs": 0.162,
        "TotalExpenses": 178923000000.0,
        "TotalOperatingIncomeAsReported": 78714000000.0,
        "TotalRevenue": 257637000000.0,
        "TotalUnusualItems": 12030000000.0,
        "TotalUnusualItemsExcludingGoodwill": 12030000000.0
    },
    {
        "asOfDate": "2022-12-31 00:00:00",
        "periodType": "12M",
        "currencyCode": "USD",
        "BasicAverageShares": 13063000000.0,
        "BasicEPS": 4.59,
        "CostOfRevenue": 126203000000.0,
        "DilutedAverageShares": 13159000000.0,
        "DilutedEPS": 4.56,
        "DilutedNIAvailtoComStockholders": 59972000000.0,
        "EBIT": 71685000000.0,
        "EBITDA": 85160000000.0,
        "EarningsFromEquityInterest": -337000000.0,
        "GainOnSaleOfSecurity": -6173000000.0,
        "GeneralAndAdministrativeExpense": 15724000000.0,
        "GrossProfit": 156633000000.0,
        "InterestExpense": 357000000.0,
        "InterestExpenseNonOperating": 357000000.0,
        "InterestIncome": 2174000000.0,
        "InterestIncomeNonOperating": 2174000000.0,
        "NetIncome": 59972000000.0,
        "NetIncomeCommonStockholders": 59972000000.0,
        "NetIncomeContinuousOperations": 59972000000.0,
        "NetIncomeFromContinuingAndDiscontinuedOperation": 59972000000.0,
        "NetIncomeFromContinuingOperationNetMinorityInterest": 59972000000.0,
        "NetIncomeIncludingNoncontrollingInterests": 59972000000.0,
        "NetInterestIncome": 1817000000.0,
        "NetNonOperatingInterestIncomeExpense": 1817000000.0,
        "NormalizedEBITDA": 91333000000.0,
        "NormalizedIncome": 65163493000.0,
        "OperatingExpense": 81791000000.0,
        "OperatingIncome": 74842000000.0,
        "OperatingRevenue": 282836000000.0,
        "OtherGandA": 15724000000.0,
        "OtherIncomeExpense": -5331000000.0,
        "OtherNonOperatingIncomeExpenses": 1179000000.0,
        "PretaxIncome": 71328000000.0,
        "ReconciledCostOfRevenue": 126203000000.0,
        "ReconciledDepreciation": 13475000000.0,
        "ResearchAndDevelopment": 39500000000.0,
        "SellingAndMarketingExpense": 26567000000.0,
        "SellingGeneralAndAdministration": 42291000000.0,
        "SpecialIncomeCharges": NaN,
        "TaxEffectOfUnusualItems": -981507000.0,
        "TaxProvision": 11356000000.0,
        "TaxRateForCalcs": 0.159,
        "TotalExpenses": 207994000000.0,
        "TotalOperatingIncomeAsReported": 74842000000.0,
        "TotalRevenue": 282836000000.0,
        "TotalUnusualItems": -6173000000.0,
        "TotalUnusualItemsExcludingGoodwill": -6173000000.0
    },
    {
        "asOfDate": "2023-09-30 00:00:00",
        "periodType": "TTM",
        "currencyCode": "USD",
        "BasicAverageShares": 12721896469.0,
        "BasicEPS": 5.25,
        "CostOfRevenue": NaN,
        "DilutedAverageShares": 12802045330.0,
        "DilutedEPS": 5.22,
        "DilutedNIAvailtoComStockholders": NaN,
        "EBIT": NaN,
        "EBITDA": NaN,
        "EarningsFromEquityInterest": NaN,
        "GainOnSaleOfSecurity": NaN,
        "GeneralAndAdministrativeExpense": NaN,
        "GrossProfit": NaN,
        "InterestExpense": NaN,
        "InterestExpenseNonOperating": NaN,
        "InterestIncome": NaN,
        "InterestIncomeNonOperating": NaN,
        "NetIncome": NaN,
        "NetIncomeCommonStockholders": NaN,
        "NetIncomeContinuousOperations": NaN,
        "NetIncomeFromContinuingAndDiscontinuedOperation": NaN,
        "NetIncomeFromContinuingOperationNetMinorityInterest": NaN,
        "NetIncomeIncludingNoncontrollingInterests": NaN,
        "NetInterestIncome": NaN,
        "NetNonOperatingInterestIncomeExpense": NaN,
        "NormalizedEBITDA": NaN,
        "NormalizedIncome": NaN,
        "OperatingExpense": NaN,
        "OperatingIncome": NaN,
        "OperatingRevenue": NaN,
        "OtherGandA": NaN,
        "OtherIncomeExpense": NaN,
        "OtherNonOperatingIncomeExpenses": NaN,
        "PretaxIncome": NaN,
        "ReconciledCostOfRevenue": NaN,
        "ReconciledDepreciation": NaN,
        "ResearchAndDevelopment": NaN,
        "SellingAndMarketingExpense": NaN,
        "SellingGeneralAndAdministration": NaN,
        "SpecialIncomeCharges": NaN,
        "TaxEffectOfUnusualItems": NaN,
        "TaxProvision": NaN,
        "TaxRateForCalcs": NaN,
        "TotalExpenses": NaN,
        "TotalOperatingIncomeAsReported": NaN,
        "TotalRevenue": NaN,
        "TotalUnusualItems": NaN,
        "TotalUnusualItemsExcludingGoodwill": NaN
    },
    {
        "asOfDate": "2023-12-31 00:00:00",
        "periodType": "12M",
        "currencyCode": "USD",
        "BasicAverageShares": 12630000000.0,
        "BasicEPS": 5.84,
        "CostOfRevenue": 133332000000.0,
        "DilutedAverageShares": 12722000000.0,
        "DilutedEPS": 5.8,
        "DilutedNIAvailtoComStockholders": 73795000000.0,
        "EBIT": 86025000000.0,
        "EBITDA": 97971000000.0,
        "EarningsFromEquityInterest": -628000000.0,
        "GainOnSaleOfSecurity": -2061000000.0,
        "GeneralAndAdministrativeExpense": 16425000000.0,
        "GrossProfit": 174062000000.0,
        "InterestExpense": 308000000.0,
        "InterestExpenseNonOperating": 308000000.0,
        "InterestIncome": 3865000000.0,
        "InterestIncomeNonOperating": 3865000000.0,
        "NetIncome": 73795000000.0,
        "NetIncomeCommonStockholders": 73795000000.0,
        "NetIncomeContinuousOperations": 73795000000.0,
        "NetIncomeFromContinuingAndDiscontinuedOperation": 73795000000.0,
        "NetIncomeFromContinuingOperationNetMinorityInterest": 73795000000.0,
        "NetIncomeIncludingNoncontrollingInterests": 73795000000.0,
        "NetInterestIncome": 3557000000.0,
        "NetNonOperatingInterestIncomeExpense": 3557000000.0,
        "NormalizedEBITDA": 100032000000.0,
        "NormalizedIncome": 75569521000.0,
        "OperatingExpense": 89769000000.0,
        "OperatingIncome": 84293000000.0,
        "OperatingRevenue": 307394000000.0,
        "OtherGandA": 16425000000.0,
        "OtherIncomeExpense": -2133000000.0,
        "OtherNonOperatingIncomeExpenses": 556000000.0,
        "PretaxIncome": 85717000000.0,
        "ReconciledCostOfRevenue": 133332000000.0,
        "ReconciledDepreciation": 11946000000.0,
        "ResearchAndDevelopment": 45427000000.0,
        "SellingAndMarketingExpense": 27917000000.0,
        "SellingGeneralAndAdministration": 44342000000.0,
        "SpecialIncomeCharges": NaN,
        "TaxEffectOfUnusualItems": -286479000.0,
        "TaxProvision": 11922000000.0,
        "TaxRateForCalcs": 0.139,
        "TotalExpenses": 223101000000.0,
        "TotalOperatingIncomeAsReported": 84293000000.0,
        "TotalRevenue": 307394000000.0,
        "TotalUnusualItems": -2061000000.0,
        "TotalUnusualItemsExcludingGoodwill": -2061000000.0
    },
    {
        "asOfDate": "2023-12-31 00:00:00",
        "periodType": "TTM",
        "currencyCode": "USD",
        "BasicAverageShares": 12630000000.0,
        "BasicEPS": 5.84,
        "CostOfRevenue": NaN,
        "DilutedAverageShares": 12722000000.0,
        "DilutedEPS": 5.8,
        "DilutedNIAvailtoComStockholders": NaN,
        "EBIT": NaN,
        "EBITDA": NaN,
        "EarningsFromEquityInterest": NaN,
        "GainOnSaleOfSecurity": NaN,
        "GeneralAndAdministrativeExpense": NaN,
        "GrossProfit": NaN,
        "InterestExpense": NaN,
        "InterestExpenseNonOperating": NaN,
        "InterestIncome": NaN,
        "InterestIncomeNonOperating": NaN,
        "NetIncome": NaN,
        "NetIncomeCommonStockholders": NaN,
        "NetIncomeContinuousOperations": NaN,
        "NetIncomeFromContinuingAndDiscontinuedOperation": NaN,
        "NetIncomeFromContinuingOperationNetMinorityInterest": NaN,
        "NetIncomeIncludingNoncontrollingInterests": NaN,
        "NetInterestIncome": NaN,
        "NetNonOperatingInterestIncomeExpense": NaN,
        "NormalizedEBITDA": NaN,
        "NormalizedIncome": NaN,
        "OperatingExpense": NaN,
        "OperatingIncome": NaN,
        "OperatingRevenue": NaN,
        "OtherGandA": NaN,
        "OtherIncomeExpense": NaN,
        "OtherNonOperatingIncomeExpenses": NaN,
        "PretaxIncome": NaN,
        "ReconciledCostOfRevenue": NaN,
        "ReconciledDepreciation": NaN,
        "ResearchAndDevelopment": NaN,
        "SellingAndMarketingExpense": NaN,
        "SellingGeneralAndAdministration": NaN,
        "SpecialIncomeCharges": NaN,
        "TaxEffectOfUnusualItems": NaN,
        "TaxProvision": NaN,
        "TaxRateForCalcs": NaN,
        "TotalExpenses": NaN,
        "TotalOperatingIncomeAsReported": NaN,
        "TotalRevenue": NaN,
        "TotalUnusualItems": NaN,
        "TotalUnusualItemsExcludingGoodwill": NaN
    },
    {
        "asOfDate": "2024-03-31 00:00:00",
        "periodType": "TTM",
        "currencyCode": "USD",
        "BasicAverageShares": 12538500000.0,
        "BasicEPS": 6.57,
        "CostOfRevenue": NaN,
        "DilutedAverageShares": 12644500000.0,
        "DilutedEPS": 6.52,
        "DilutedNIAvailtoComStockholders": NaN,
        "EBIT": NaN,
        "EBITDA": NaN,
        "EarningsFromEquityInterest": NaN,
        "GainOnSaleOfSecurity": NaN,
        "GeneralAndAdministrativeExpense": NaN,
        "GrossProfit": NaN,
        "InterestExpense": NaN,
        "InterestExpenseNonOperating": NaN,
        "InterestIncome": NaN,
        "InterestIncomeNonOperating": NaN,
        "NetIncome": NaN,
        "NetIncomeCommonStockholders": NaN,
        "NetIncomeContinuousOperations": NaN,
        "NetIncomeFromContinuingAndDiscontinuedOperation": NaN,
        "NetIncomeFromContinuingOperationNetMinorityInterest": NaN,
        "NetIncomeIncludingNoncontrollingInterests": NaN,
        "NetInterestIncome": NaN,
        "NetNonOperatingInterestIncomeExpense": NaN,
        "NormalizedEBITDA": NaN,
        "NormalizedIncome": NaN,
        "OperatingExpense": NaN,
        "OperatingIncome": NaN,
        "OperatingRevenue": NaN,
        "OtherGandA": NaN,
        "OtherIncomeExpense": NaN,
        "OtherNonOperatingIncomeExpenses": NaN,
        "PretaxIncome": NaN,
        "ReconciledCostOfRevenue": NaN,
        "ReconciledDepreciation": NaN,
        "ResearchAndDevelopment": NaN,
        "SellingAndMarketingExpense": NaN,
        "SellingGeneralAndAdministration": NaN,
        "SpecialIncomeCharges": NaN,
        "TaxEffectOfUnusualItems": NaN,
        "TaxProvision": NaN,
        "TaxRateForCalcs": NaN,
        "TotalExpenses": NaN,
        "TotalOperatingIncomeAsReported": NaN,
        "TotalRevenue": NaN,
        "TotalUnusualItems": NaN,
        "TotalUnusualItemsExcludingGoodwill": NaN
    },
    {
        "asOfDate": "2024-06-30 00:00:00",
        "periodType": "TTM",
        "currencyCode": "USD",
        "BasicAverageShares": 12457000000.0,
        "BasicEPS": 7.03,
        "CostOfRevenue": NaN,
        "DilutedAverageShares": 12580500000.0,
        "DilutedEPS": 6.97,
        "DilutedNIAvailtoComStockholders": NaN,
        "EBIT": NaN,
        "EBITDA": NaN,
        "EarningsFromEquityInterest": NaN,
        "GainOnSaleOfSecurity": NaN,
        "GeneralAndAdministrativeExpense": NaN,
        "GrossProfit": NaN,
        "InterestExpense": NaN,
        "InterestExpenseNonOperating": NaN,
        "InterestIncome": NaN,
        "InterestIncomeNonOperating": NaN,
        "NetIncome": NaN,
        "NetIncomeCommonStockholders": NaN,
        "NetIncomeContinuousOperations": NaN,
        "NetIncomeFromContinuingAndDiscontinuedOperation": NaN,
        "NetIncomeFromContinuingOperationNetMinorityInterest": NaN,
        "NetIncomeIncludingNoncontrollingInterests": NaN,
        "NetInterestIncome": NaN,
        "NetNonOperatingInterestIncomeExpense": NaN,
        "NormalizedEBITDA": NaN,
        "NormalizedIncome": NaN,
        "OperatingExpense": NaN,
        "OperatingIncome": NaN,
        "OperatingRevenue": NaN,
        "OtherGandA": NaN,
        "OtherIncomeExpense": NaN,
        "OtherNonOperatingIncomeExpenses": NaN,
        "PretaxIncome": NaN,
        "ReconciledCostOfRevenue": NaN,
        "ReconciledDepreciation": NaN,
        "ResearchAndDevelopment": NaN,
        "SellingAndMarketingExpense": NaN,
        "SellingGeneralAndAdministration": NaN,
        "SpecialIncomeCharges": NaN,
        "TaxEffectOfUnusualItems": NaN,
        "TaxProvision": NaN,
        "TaxRateForCalcs": NaN,
        "TotalExpenses": NaN,
        "TotalOperatingIncomeAsReported": NaN,
        "TotalRevenue": NaN,
        "TotalUnusualItems": NaN,
        "TotalUnusualItemsExcludingGoodwill": NaN
    },
    {
        "asOfDate": "2024-09-30 00:00:00",
        "periodType": "TTM",
        "currencyCode": "USD",
        "BasicAverageShares": 12384000000.0,
        "BasicEPS": 7.61,
        "CostOfRevenue": NaN,
        "DilutedAverageShares": 12511250000.0,
        "DilutedEPS": 7.54,
        "DilutedNIAvailtoComStockholders": NaN,
        "EBIT": NaN,
        "EBITDA": NaN,
        "EarningsFromEquityInterest": NaN,
        "GainOnSaleOfSecurity": NaN,
        "GeneralAndAdministrativeExpense": NaN,
        "GrossProfit": NaN,
        "InterestExpense": NaN,
        "InterestExpenseNonOperating": NaN,
        "InterestIncome": NaN,
        "InterestIncomeNonOperating": NaN,
        "NetIncome": NaN,
        "NetIncomeCommonStockholders": NaN,
        "NetIncomeContinuousOperations": NaN,
        "NetIncomeFromContinuingAndDiscontinuedOperation": NaN,
        "NetIncomeFromContinuingOperationNetMinorityInterest": NaN,
        "NetIncomeIncludingNoncontrollingInterests": NaN,
        "NetInterestIncome": NaN,
        "NetNonOperatingInterestIncomeExpense": NaN,
        "NormalizedEBITDA": NaN,
        "NormalizedIncome": NaN,
        "OperatingExpense": NaN,
        "OperatingIncome": NaN,
        "OperatingRevenue": NaN,
        "OtherGandA": NaN,
        "OtherIncomeExpense": NaN,
        "OtherNonOperatingIncomeExpenses": NaN,
        "PretaxIncome": NaN,
        "ReconciledCostOfRevenue": NaN,
        "ReconciledDepreciation": NaN,
        "ResearchAndDevelopment": NaN,
        "SellingAndMarketingExpense": NaN,
        "SellingGeneralAndAdministration": NaN,
        "SpecialIncomeCharges": NaN,
        "TaxEffectOfUnusualItems": NaN,
        "TaxProvision": NaN,
        "TaxRateForCalcs": NaN,
        "TotalExpenses": NaN,
        "TotalOperatingIncomeAsReported": NaN,
        "TotalRevenue": NaN,
        "TotalUnusualItems": NaN,
        "TotalUnusualItemsExcludingGoodwill": NaN
    },
    {
        "asOfDate": "2024-12-31 00:00:00",
        "periodType": "12M",
        "currencyCode": "USD",
        "BasicAverageShares": 12319000000.0,
        "BasicEPS": 8.13,
        "CostOfRevenue": 146306000000.0,
        "DilutedAverageShares": 12447000000.0,
        "DilutedEPS": 8.04,
        "DilutedNIAvailtoComStockholders": 100118000000.0,
        "EBIT": 120083000000.0,
        "EBITDA": 135394000000.0,
        "EarningsFromEquityInterest": -188000000.0,
        "GainOnSaleOfSecurity": 2262000000.0,
        "GeneralAndAdministrativeExpense": 14188000000.0,
        "GrossProfit": 203712000000.0,
        "InterestExpense": 268000000.0,
        "InterestExpenseNonOperating": 268000000.0,
        "InterestIncome": 4482000000.0,
        "InterestIncomeNonOperating": 4482000000.0,
        "NetIncome": 100118000000.0,
        "NetIncomeCommonStockholders": 100118000000.0,
        "NetIncomeContinuousOperations": 100118000000.0,
        "NetIncomeFromContinuingAndDiscontinuedOperation": 100118000000.0,
        "NetIncomeFromContinuingOperationNetMinorityInterest": 100118000000.0,
        "NetIncomeIncludingNoncontrollingInterests": 100118000000.0,
        "NetInterestIncome": 4214000000.0,
        "NetNonOperatingInterestIncomeExpense": 4214000000.0,
        "NormalizedEBITDA": 133132000000.0,
        "NormalizedIncome": 98226968000.0,
        "OperatingExpense": 91322000000.0,
        "OperatingIncome": 112390000000.0,
        "OperatingRevenue": 350018000000.0,
        "OtherGandA": 14188000000.0,
        "OtherIncomeExpense": 3211000000.0,
        "OtherNonOperatingIncomeExpenses": 1137000000.0,
        "PretaxIncome": 119815000000.0,
        "ReconciledCostOfRevenue": 146306000000.0,
        "ReconciledDepreciation": 15311000000.0,
        "ResearchAndDevelopment": 49326000000.0,
        "SellingAndMarketingExpense": 27808000000.0,
        "SellingGeneralAndAdministration": 41996000000.0,
        "SpecialIncomeCharges": NaN,
        "TaxEffectOfUnusualItems": 370968000.0,
        "TaxProvision": 19697000000.0,
        "TaxRateForCalcs": 0.164,
        "TotalExpenses": 237628000000.0,
        "TotalOperatingIncomeAsReported": 112390000000.0,
        "TotalRevenue": 350018000000.0,
        "TotalUnusualItems": 2262000000.0,
        "TotalUnusualItemsExcludingGoodwill": 2262000000.0
    },
    {
        "asOfDate": "2024-12-31 00:00:00",
        "periodType": "TTM",
        "currencyCode": "USD",
        "BasicAverageShares": 12319000000.0,
        "BasicEPS": 8.13,
        "CostOfRevenue": NaN,
        "DilutedAverageShares": 12447000000.0,
        "DilutedEPS": 8.04,
        "DilutedNIAvailtoComStockholders": NaN,
        "EBIT": NaN,
        "EBITDA": NaN,
        "EarningsFromEquityInterest": NaN,
        "GainOnSaleOfSecurity": NaN,
        "GeneralAndAdministrativeExpense": NaN,
        "GrossProfit": NaN,
        "InterestExpense": NaN,
        "InterestExpenseNonOperating": NaN,
        "InterestIncome": NaN,
        "InterestIncomeNonOperating": NaN,
        "NetIncome": NaN,
        "NetIncomeCommonStockholders": NaN,
        "NetIncomeContinuousOperations": NaN,
        "NetIncomeFromContinuingAndDiscontinuedOperation": NaN,
        "NetIncomeFromContinuingOperationNetMinorityInterest": NaN,
        "NetIncomeIncludingNoncontrollingInterests": NaN,
        "NetInterestIncome": NaN,
        "NetNonOperatingInterestIncomeExpense": NaN,
        "NormalizedEBITDA": NaN,
        "NormalizedIncome": NaN,
        "OperatingExpense": NaN,
        "OperatingIncome": NaN,
        "OperatingRevenue": NaN,
        "OtherGandA": NaN,
        "OtherIncomeExpense": NaN,
        "OtherNonOperatingIncomeExpenses": NaN,
        "PretaxIncome": NaN,
        "ReconciledCostOfRevenue": NaN,
        "ReconciledDepreciation": NaN,
        "ResearchAndDevelopment": NaN,
        "SellingAndMarketingExpense": NaN,
        "SellingGeneralAndAdministration": NaN,
        "SpecialIncomeCharges": NaN,
        "TaxEffectOfUnusualItems": NaN,
        "TaxProvision": NaN,
        "TaxRateForCalcs": NaN,
        "TotalExpenses": NaN,
        "TotalOperatingIncomeAsReported": NaN,
        "TotalRevenue": NaN,
        "TotalUnusualItems": NaN,
        "TotalUnusualItemsExcludingGoodwill": NaN
    },
    {
        "asOfDate": "2025-03-31 00:00:00",
        "periodType": "TTM",
        "currencyCode": "USD",
        "BasicAverageShares": 12261000000.0,
        "BasicEPS": 9.06,
        "CostOfRevenue": 148955000000.0,
        "DilutedAverageShares": 12261000000.0,
        "DilutedEPS": 8.96,
        "DilutedNIAvailtoComStockholders": 111770000000.0,
        "EBIT": 133497000000.0,
        "EBITDA": 149882000000.0,
        "EarningsFromEquityInterest": -184000000.0,
        "GainOnSaleOfSecurity": 10573000000.0,
        "GeneralAndAdministrativeExpense": 14701000000.0,
        "GrossProfit": 210758000000.0,
        "InterestExpense": 208000000.0,
        "InterestExpenseNonOperating": 208000000.0,
        "InterestIncome": 4422000000.0,
        "InterestIncomeNonOperating": 4422000000.0,
        "NetIncome": 110996000000.0,
        "NetIncomeCommonStockholders": 110996000000.0,
        "NetIncomeContinuousOperations": 110996000000.0,
        "NetIncomeFromContinuingAndDiscontinuedOperation": 110996000000.0,
        "NetIncomeFromContinuingOperationNetMinorityInterest": 110996000000.0,
        "NetIncomeIncludingNoncontrollingInterests": 110996000000.0,
        "NetInterestIncome": 4214000000.0,
        "NetNonOperatingInterestIncomeExpense": 4214000000.0,
        "NormalizedEBITDA": 139309000000.0,
        "NormalizedIncome": 102191367149.57724,
        "OperatingExpense": 93234000000.0,
        "OperatingIncome": 117524000000.0,
        "OperatingRevenue": 359713000000.0,
        "OtherGandA": 14701000000.0,
        "OtherIncomeExpense": 11551000000.0,
        "OtherNonOperatingIncomeExpenses": 1162000000.0,
        "PretaxIncome": 133289000000.0,
        "ReconciledCostOfRevenue": 148955000000.0,
        "ReconciledDepreciation": 16385000000.0,
        "ResearchAndDevelopment": 50979000000.0,
        "SellingAndMarketingExpense": 27554000000.0,
        "SellingGeneralAndAdministration": 42255000000.0,
        "SpecialIncomeCharges": NaN,
        "TaxEffectOfUnusualItems": 1768367149.577234,
        "TaxProvision": 22293000000.0,
        "TaxRateForCalcs": 0.167253,
        "TotalExpenses": 242189000000.0,
        "TotalOperatingIncomeAsReported": 117524000000.0,
        "TotalRevenue": 359713000000.0,
        "TotalUnusualItems": 10573000000.0,
        "TotalUnusualItemsExcludingGoodwill": 10573000000.0
    }
]