[
    {
        "asOfDate": "2021-12-31 00:00:00",
        "periodType": "12M",
        "currencyCode": "KRW",
        "BasicAverageShares": 260411824.0,
        "BasicEPS": 18979.0,
        "CostOfRevenue": 95680131000000.0,
        "DilutedAverageShares": 260411824.0,
        "DilutedEPS": 18979.0,
        "EBIT": 8264104000000.0,
        "EBITDA": 12819841000000.0,
        "GeneralAndAdministrativeExpense": 1515341000000.0,
        "GrossProfit": 21930495000000.0,
        "InterestExpense": 304542000000.0,
        "InterestExpenseNonOperating": 304542000000.0,
        "InterestIncome": 348613000000.0,
        "InterestIncomeNonOperating": 348613000000.0,
        "MinorityInterests": -750721000000.0,
        "NetIncome": 4942356000000.0,
        "NetIncomeCommonStockholders": 4942356000000.0,
        "NetIncomeContinuousOperations": 5693077000000.0,
        "NetIncomeDiscontinuousOperations": NaN,
        "NetIncomeFromContinuingAndDiscontinuedOperation": 4942356000000.0,
        "NetIncomeFromContinuingOperationNetMinorityInterest": 4942356000000.0,
        "NetIncomeIncludingNoncontrollingInterests": 5693077000000.0,
        "NetInterestIncome": 265505000000.0,
        "NetNonOperatingInterestIncomeExpense": 265505000000.0,
        "NormalizedEBITDA": 12837502000000.0,
        "NormalizedIncome": 4954988030870.166,
        "OperatingExpense": 15251546000000.0,
        "OperatingIncome": 6678949000000.0,
        "OperatingRevenue": 117610626000000.0,
        "OtherNonOperatingIncomeExpenses": -372589000000.0,
        "OtherSpecialCharges": 100170000000.0,
        "PretaxIncome": 7959562000000.0,
        "ReconciledCostOfRevenue": 95680131000000.0,
        "ReconciledDepreciation": 4555737000000.0,
        "ResearchAndDevelopment": 1534993000000.0,
        "SellingAndMarketingExpense": 8644742000000.0,
        "SellingGeneralAndAdministration": 10160083000000.0,
        "SpecialIncomeCharges": -100170000000.0,
        "TaxEffectOfUnusualItems": -5028969129.834029,
        "TaxProvision": 2266485000000.0,
        "TaxRateForCalcs": 0.28475,
        "TotalExpenses": 110931677000000.0,
        "TotalOperatingIncomeAsReported": 6678949000000.0,
        "TotalOtherFinanceCost": -221434000000.0,
        "TotalRevenue": 117610626000000.0,
        "TotalUnusualItems": -17661000000.0,
        "TotalUnusualItemsExcludingGoodwill": -17661000000.0
    },
    {
        "asOfDate": "2022-12-31 00:00:00",
        "periodType": "12M",
        "currencyCode": "KRW",
        "BasicAverageShares": 258208478.0,
        "BasicEPS": 28521.0,
        "CostOfRevenue": 113879569000000.0,
        "DilutedAverageShares": 258208478.0,
        "DilutedEPS": 28521.0,
        "EBIT": 11704878000000.0,
        "EBITDA": 16752500000000.0,
        "GeneralAndAdministrativeExpense": 2065163000000.0,
        "GrossProfit": 28271900000000.0,
        "InterestExpense": 523407000000.0,
        "InterestExpenseNonOperating": 523407000000.0,
        "InterestIncome": 594077000000.0,
        "InterestIncomeNonOperating": 594077000000.0,
        "MinorityInterests": -619250000000.0,
        "NetIncome": 7364364000000.0,
        "NetIncomeCommonStockholders": 7364364000000.0,
        "NetIncomeContinuousOperations": 8202303000000.0,
        "NetIncomeDiscontinuousOperations": -218689000000.0,
        "NetIncomeFromContinuingAndDiscontinuedOperation": 7364364000000.0,
        "NetIncomeFromContinuingOperationNetMinorityInterest": 7583053000000.0,
        "NetIncomeIncludingNoncontrollingInterests": 7983614000000.0,
        "NetInterestIncome": 107129000000.0,
        "NetNonOperatingInterestIncomeExpense": 107129000000.0,
        "NormalizedEBITDA": 16973320000000.0,
        "NormalizedIncome": 7745038176052.417,
        "OperatingExpense": 18446972000000.0,
        "OperatingIncome": 9824928000000.0,
        "OperatingRevenue": 142151469000000.0,
        "OtherNonOperatingIncomeExpenses": -27710000000.0,
        "OtherSpecialCharges": 216287000000.0,
        "PretaxIncome": 11181471000000.0,
        "ReconciledCostOfRevenue": 113879569000000.0,
        "ReconciledDepreciation": 5047622000000.0,
        "ResearchAndDevelopment": 1759707000000.0,
        "SellingAndMarketingExpense": 10644416000000.0,
        "SellingGeneralAndAdministration": 12709579000000.0,
        "SpecialIncomeCharges": -216287000000.0,
        "TaxEffectOfUnusualItems": -58834823947.582565,
        "TaxProvision": 2979168000000.0,
        "TaxRateForCalcs": 0.266438,
        "TotalExpenses": 132326541000000.0,
        "TotalOperatingIncomeAsReported": 9824928000000.0,
        "TotalOtherFinanceCost": -36459000000.0,
        "TotalRevenue": 142151469000000.0,
        "TotalUnusualItems": -220820000000.0,
        "TotalUnusualItemsExcludingGoodwill": -220820000000.0
    },
    {
        "asOfDate": "2023-09-30 00:00:00",
        "periodType": "TTM",
        "currencyCode": "KRW",
        "BasicAverageShares": 158544952.0,
        "BasicEPS": 43738.0,
        "CostOfRevenue": NaN,
        "DilutedAverageShares": 158544952.0,
        "DilutedEPS": 43738.0,
        "EBIT": NaN,
        "EBITDA": NaN,
        "GeneralAndAdministrativeExpense": NaN,
        "GrossProfit": NaN,
        "InterestExpense": NaN,
        "InterestExpenseNonOperating": NaN,
        "InterestIncome": NaN,
        "InterestIncomeNonOperating": NaN,
        "MinorityInterests": NaN,
        "NetIncome": NaN,
        "NetIncomeCommonStockholders": NaN,
        "NetIncomeContinuousOperations": NaN,
        "NetIncomeDiscontinuousOperations": NaN,
        "NetIncomeFromContinuingAndDiscontinuedOperation": NaN,
        "NetIncomeFromContinuingOperationNetMinorityInterest": NaN,
        "NetIncomeIncludingNoncontrollingInterests": NaN,
        "NetInterestIncome": NaN,
        "NetNonOperatingInterestIncomeExpense": NaN,
        "NormalizedEBITDA": NaN,
        "NormalizedIncome": NaN,
        "OperatingExpense": NaN,
        "OperatingIncome": NaN,
        "OperatingRevenue": NaN,
        "OtherNonOperatingIncomeExpenses": NaN,
        "OtherSpecialCharges": NaN,
        "PretaxIncome": NaN,
        "ReconciledCostOfRevenue": NaN,
        "ReconciledDepreciation": NaN,
        "ResearchAndDevelopment": NaN,
        "SellingAndMarketingExpense": NaN,
        "SellingGeneralAndAdministration": NaN,
        "SpecialIncomeCharges": NaN,
        "TaxEffectOfUnusualItems": NaN,
        "TaxProvision": NaN,
        "TaxRateForCalcs": NaN,
        "TotalExpenses": NaN,
        "TotalOperatingIncomeAsReported": NaN,
        "TotalOtherFinanceCost": NaN,
        "TotalRevenue": NaN,
        "TotalUnusualItems": NaN,
        "TotalUnusualItemsExcludingGoodwill": NaN
    },
    {
        "asOfDate": "2023-12-31 00:00:00",
        "periodType": "12M",
        "currencyCode": "KRW",
        "BasicAverageShares": 261727173.0,
        "BasicEPS": 45703.0,
        "CostOfRevenue": 129179183000000.0,
        "DilutedAverageShares": 261727173.0,
        "DilutedEPS": 45703.0,
        "EBIT": 18176194000000.0,
        "EBITDA": 23122689000000.0,
        "GeneralAndAdministrativeExpense": 2257340000000.0,
        "GrossProfit": 33484396000000.0,
        "InterestExpense": 557532000000.0,
        "InterestExpenseNonOperating": 557532000000.0,
        "InterestIncome": 997655000000.0,
        "InterestIncomeNonOperating": 997655000000.0,
        "MinorityInterests": -310584000000.0,
        "NetIncome": 11961717000000.0,
        "NetIncomeCommonStockholders": 11961717000000.0,
        "NetIncomeContinuousOperations": 12992022000000.0,
        "NetIncomeDiscontinuousOperations": -719721000000.0,
        "NetIncomeFromContinuingAndDiscontinuedOperation": 11961717000000.0,
        "NetIncomeFromContinuingOperationNetMinorityInterest": 12681438000000.0,
        "NetIncomeIncludingNoncontrollingInterests": 12272301000000.0,
        "NetInterestIncome": 447186000000.0,
        "NetNonOperatingInterestIncomeExpense": 447186000000.0,
        "NormalizedEBITDA": 23544246000000.0,
        "NormalizedIncome": 12992294625676.455,
        "OperatingExpense": 18357495000000.0,
        "OperatingIncome": 15126901000000.0,
        "OperatingRevenue": 162663579000000.0,
        "OtherNonOperatingIncomeExpenses": -233796000000.0,
        "OtherSpecialCharges": 399122000000.0,
        "PretaxIncome": 17618662000000.0,
        "ReconciledCostOfRevenue": 129179183000000.0,
        "ReconciledDepreciation": 4946495000000.0,
        "ResearchAndDevelopment": 2163445000000.0,
        "SellingAndMarketingExpense": 9399401000000.0,
        "SellingGeneralAndAdministration": 11656741000000.0,
        "SpecialIncomeCharges": -399122000000.0,
        "TaxEffectOfUnusualItems": -110700374323.54398,
        "TaxProvision": 4626640000000.0,
        "TaxRateForCalcs": 0.262599,
        "TotalExpenses": 147536678000000.0,
        "TotalOperatingIncomeAsReported": 15126901000000.0,
        "TotalOtherFinanceCost": -7063000000.0,
        "TotalRevenue": 162663579000000.0,
        "TotalUnusualItems": -421557000000.0,
        "TotalUnusualItemsExcludingGoodwill": -421557000000.0
    },
    {
        "asOfDate": "2023-12-31 00:00:00",
        "periodType": "TTM",
        "currencyCode": "KRW",
        "BasicAverageShares": 262879908.0,
        "BasicEPS": 45703.0,
        "CostOfRevenue": NaN,
        "DilutedAverageShares": 262879908.0,
        "DilutedEPS": 45703.0,
        "EBIT": NaN,
        "EBITDA": NaN,
        "GeneralAndAdministrativeExpense": NaN,
        "GrossProfit": NaN,
        "InterestExpense": NaN,
        "InterestExpenseNonOperating": NaN,
        "InterestIncome": NaN,
        "InterestIncomeNonOperating": NaN,
        "MinorityInterests": NaN,
        "NetIncome": NaN,
        "NetIncomeCommonStockholders": NaN,
        "NetIncomeContinuousOperations": NaN,
        "NetIncomeDiscontinuousOperations": NaN,
        "NetIncomeFromContinuingAndDiscontinuedOperation": NaN,
        "NetIncomeFromContinuingOperationNetMinorityInterest": NaN,
        "NetIncomeIncludingNoncontrollingInterests": NaN,
        "NetInterestIncome": NaN,
        "NetNonOperatingInterestIncomeExpense": NaN,
        "NormalizedEBITDA": NaN,
        "NormalizedIncome": NaN,
        "OperatingExpense": NaN,
        "OperatingIncome": NaN,
        "OperatingRevenue": NaN,
        "OtherNonOperatingIncomeExpenses": NaN,
        "OtherSpecialCharges": NaN,
        "PretaxIncome": NaN,
        "ReconciledCostOfRevenue": NaN,
        "ReconciledDepreciation": NaN,
        "ResearchAndDevelopment": NaN,
        "SellingAndMarketingExpense": NaN,
        "SellingGeneralAndAdministration": NaN,
        "SpecialIncomeCharges": NaN,
        "TaxEffectOfUnusualItems": NaN,
        "TaxProvision": NaN,
        "TaxRateForCalcs": NaN,
        "TotalExpenses": NaN,
        "TotalOperatingIncomeAsReported": NaN,
        "TotalOtherFinanceCost": NaN,
        "TotalRevenue": NaN,
        "TotalUnusualItems": NaN,
        "TotalUnusualItemsExcludingGoodwill": NaN
    },
    {
        "asOfDate": "2024-03-31 00:00:00",
        "periodType": "TTM",
        "currencyCode": "KRW",
        "BasicAverageShares": 262879908.0,
        "BasicEPS": 45329.593163,
        "CostOfRevenue": NaN,
        "DilutedAverageShares": 262879908.0,
        "DilutedEPS": 45329.593163,
        "EBIT": NaN,
        "EBITDA": NaN,
        "GeneralAndAdministrativeExpense": NaN,
        "GrossProfit": NaN,
        "InterestExpense": NaN,
        "InterestExpenseNonOperating": NaN,
        "InterestIncome": NaN,
        "InterestIncomeNonOperating": NaN,
        "MinorityInterests": NaN,
        "NetIncome": NaN,
        "NetIncomeCommonStockholders": NaN,
        "NetIncomeContinuousOperations": NaN,
        "NetIncomeDiscontinuousOperations": NaN,
        "NetIncomeFromContinuingAndDiscontinuedOperation": NaN,
        "NetIncomeFromContinuingOperationNetMinorityInterest": NaN,
        "NetIncomeIncludingNoncontrollingInterests": NaN,
        "NetInterestIncome": NaN,
        "NetNonOperatingInterestIncomeExpense": NaN,
        "NormalizedEBITDA": NaN,
        "NormalizedIncome": NaN,
        "OperatingExpense": NaN,
        "OperatingIncome": NaN,
        "OperatingRevenue": NaN,
        "OtherNonOperatingIncomeExpenses": NaN,
        "OtherSpecialCharges": NaN,
        "PretaxIncome": NaN,
        "ReconciledCostOfRevenue": NaN,
        "ReconciledDepreciation": NaN,
        "ResearchAndDevelopment": NaN,
        "SellingAndMarketingExpense": NaN,
        "SellingGeneralAndAdministration": NaN,
        "SpecialIncomeCharges": NaN,
        "TaxEffectOfUnusualItems": NaN,
        "TaxProvision": NaN,
        "TaxRateForCalcs": NaN,
        "TotalExpenses": NaN,
        "TotalOperatingIncomeAsReported": NaN,
        "TotalOtherFinanceCost": NaN,
        "TotalRevenue": NaN,
        "TotalUnusualItems": NaN,
        "TotalUnusualItemsExcludingGoodwill": NaN
    },
    {
        "asOfDate": "2024-06-30 00:00:00",
        "periodType": "TTM",
        "currencyCode": "KRW",
        "BasicAverageShares": 262884908.0,
        "BasicEPS": 48083.386043,
        "CostOfRevenue": NaN,
        "DilutedAverageShares": 262884908.0,
        "DilutedEPS": 48083.386043,
        "EBIT": NaN,
        "EBITDA": NaN,
        "GeneralAndAdministrativeExpense": NaN,
        "GrossProfit": NaN,
        "InterestExpense": NaN,
        "InterestExpenseNonOperating": NaN,
        "InterestIncome": NaN,
        "InterestIncomeNonOperating": NaN,
        "MinorityInterests": NaN,
        "NetIncome": NaN,
        "NetIncomeCommonStockholders": NaN,
        "NetIncomeContinuousOperations": NaN,
        "NetIncomeDiscontinuousOperations": NaN,
        "NetIncomeFromContinuingAndDiscontinuedOperation": NaN,
        "NetIncomeFromContinuingOperationNetMinorityInterest": NaN,
        "NetIncomeIncludingNoncontrollingInterests": NaN,
        "NetInterestIncome": NaN,
        "NetNonOperatingInterestIncomeExpense": NaN,
        "NormalizedEBITDA": NaN,
        "NormalizedIncome": NaN,
        "OperatingExpense": NaN,
        "OperatingIncome": NaN,
        "OperatingRevenue": NaN,
        "OtherNonOperatingIncomeExpenses": NaN,
        "OtherSpecialCharges": NaN,
        "PretaxIncome": NaN,
        "ReconciledCostOfRevenue": NaN,
        "ReconciledDepreciation": NaN,
        "ResearchAndDevelopment": NaN,
        "SellingAndMarketingExpense": NaN,
        "SellingGeneralAndAdministration": NaN,
        "SpecialIncomeCharges": NaN,
        "TaxEffectOfUnusualItems": NaN,
        "TaxProvision": NaN,
        "TaxRateForCalcs": NaN,
        "TotalExpenses": NaN,
        "TotalOperatingIncomeAsReported": NaN,
        "TotalOtherFinanceCost": NaN,
        "TotalRevenue": NaN,
        "TotalUnusualItems": NaN,
        "TotalUnusualItemsExcludingGoodwill": NaN
    },
    {
        "asOfDate": "2024-09-30 00:00:00",
        "periodType": "TTM",
        "currencyCode": "KRW",
        "BasicAverageShares": 262884908.0,
        "BasicEPS": 47570.0,
        "CostOfRevenue": NaN,
        "DilutedAverageShares": 262884908.0,
        "DilutedEPS": 47570.0,
        "EBIT": NaN,
        "EBITDA": NaN,
        "GeneralAndAdministrativeExpense": NaN,
        "GrossProfit": NaN,
        "InterestExpense": NaN,
        "InterestExpenseNonOperating": NaN,
        "InterestIncome": NaN,
        "InterestIncomeNonOperating": NaN,
        "MinorityInterests": NaN,
        "NetIncome": NaN,
        "NetIncomeCommonStockholders": NaN,
        "NetIncomeContinuousOperations": NaN,
        "NetIncomeDiscontinuousOperations": NaN,
        "NetIncomeFromContinuingAndDiscontinuedOperation": NaN,
        "NetIncomeFromContinuingOperationNetMinorityInterest": NaN,
        "NetIncomeIncludingNoncontrollingInterests": NaN,
        "NetInterestIncome": NaN,
        "NetNonOperatingInterestIncomeExpense": NaN,
        "NormalizedEBITDA": NaN,
        "NormalizedIncome": NaN,
        "OperatingExpense": NaN,
        "OperatingIncome": NaN,
        "OperatingRevenue": NaN,
        "OtherNonOperatingIncomeExpenses": NaN,
        "OtherSpecialCharges": NaN,
        "PretaxIncome": NaN,
        "ReconciledCostOfRevenue": NaN,
        "ReconciledDepreciation": NaN,
        "ResearchAndDevelopment": NaN,
        "SellingAndMarketingExpense": NaN,
        "SellingGeneralAndAdministration": NaN,
        "SpecialIncomeCharges": NaN,
        "TaxEffectOfUnusualItems": NaN,
        "TaxProvision": NaN,
        "TaxRateForCalcs": NaN,
        "TotalExpenses": NaN,
        "TotalOperatingIncomeAsReported": NaN,
        "TotalOtherFinanceCost": NaN,
        "TotalRevenue": NaN,
        "TotalUnusualItems": NaN,
        "TotalUnusualItemsExcludingGoodwill": NaN
    },
    {
        "asOfDate": "2024-12-31 00:00:00",
        "periodType": "12M",
        "currencyCode": "KRW",
        "BasicAverageShares": 263082873.0,
        "BasicEPS": 47615.0,
        "CostOfRevenue": 139481946000000.0,
        "DilutedAverageShares": 263082873.0,
        "DilutedEPS": 47615.0,
        "EBIT": 18232934000000.0,
        "EBITDA": 22519940000000.0,
        "GeneralAndAdministrativeExpense": 2306944000000.0,
        "GrossProfit": 35749207000000.0,
        "InterestExpense": 451498000000.0,
        "InterestExpenseNonOperating": 451498000000.0,
        "InterestIncome": 980764000000.0,
        "InterestIncomeNonOperating": 980764000000.0,
        "MinorityInterests": -703217000000.0,
        "NetIncome": 12526691000000.0,
        "NetIncomeCommonStockholders": 12526691000000.0,
        "NetIncomeContinuousOperations": 13549018000000.0,
        "NetIncomeDiscontinuousOperations": -319110000000.0,
        "NetIncomeFromContinuingAndDiscontinuedOperation": 12526691000000.0,
        "NetIncomeFromContinuingOperationNetMinorityInterest": 12845801000000.0,
        "NetIncomeIncludingNoncontrollingInterests": 13229908000000.0,
        "NetInterestIncome": 539605000000.0,
        "NetNonOperatingInterestIncomeExpense": 539605000000.0,
        "NormalizedEBITDA": 22843771000000.0,
        "NormalizedIncome": 13092552277453.52,
        "OperatingExpense": 21509615000000.0,
        "OperatingIncome": 14239592000000.0,
        "OperatingRevenue": 175231153000000.0,
        "OtherNonOperatingIncomeExpenses": -171040000000.0,
        "OtherSpecialCharges": 275390000000.0,
        "PretaxIncome": 17781436000000.0,
        "ReconciledCostOfRevenue": 139481946000000.0,
        "ReconciledDepreciation": 4287006000000.0,
        "ResearchAndDevelopment": 2373481000000.0,
        "SellingAndMarketingExpense": 11635123000000.0,
        "SellingGeneralAndAdministration": 13942067000000.0,
        "SpecialIncomeCharges": -275390000000.0,
        "TaxEffectOfUnusualItems": -77079722546.4805,
        "TaxProvision": 4232418000000.0,
        "TaxRateForCalcs": 0.238025,
        "TotalExpenses": 160991561000000.0,
        "TotalOperatingIncomeAsReported": 14239592000000.0,
        "TotalOtherFinanceCost": -10339000000.0,
        "TotalRevenue": 175231153000000.0,
        "TotalUnusualItems": -323831000000.0,
        "TotalUnusualItemsExcludingGoodwill": -323831000000.0
    },
    {
        "asOfDate": "2024-12-31 00:00:00",
        "periodType": "TTM",
        "currencyCode": "KRW",
        "BasicAverageShares": 263082873.0,
        "BasicEPS": 47615.0,
        "CostOfRevenue": NaN,
        "DilutedAverageShares": 263082873.0,
        "DilutedEPS": 47615.0,
        "EBIT": NaN,
        "EBITDA": NaN,
        "GeneralAndAdministrativeExpense": NaN,
        "GrossProfit": NaN,
        "InterestExpense": NaN,
        "InterestExpenseNonOperating": NaN,
        "InterestIncome": NaN,
        "InterestIncomeNonOperating": NaN,
        "MinorityInterests": NaN,
        "NetIncome": NaN,
        "NetIncomeCommonStockholders": NaN,
        "NetIncomeContinuousOperations": NaN,
        "NetIncomeDiscontinuousOperations": NaN,
        "NetIncomeFromContinuingAndDiscontinuedOperation": NaN,
        "NetIncomeFromContinuingOperationNetMinorityInterest": NaN,
        "NetIncomeIncludingNoncontrollingInterests": NaN,
        "NetInterestIncome": NaN,
        "NetNonOperatingInterestIncomeExpense": NaN,
        "NormalizedEBITDA": NaN,
        "NormalizedIncome": NaN,
        "OperatingExpense": NaN,
        "OperatingIncome": NaN,
        "OperatingRevenue": NaN,
        "OtherNonOperatingIncomeExpenses": NaN,
        "OtherSpecialCharges": NaN,
        "PretaxIncome": NaN,
        "ReconciledCostOfRevenue": NaN,
        "ReconciledDepreciation": NaN,
        "ResearchAndDevelopment": NaN,
        "SellingAndMarketingExpense": NaN,
        "SellingGeneralAndAdministration": NaN,
        "SpecialIncomeCharges": NaN,
        "TaxEffectOfUnusualItems": NaN,
        "TaxProvision": NaN,
        "TaxRateForCalcs": NaN,
        "TotalExpenses": NaN,
        "TotalOperatingIncomeAsReported": NaN,
        "TotalOtherFinanceCost": NaN,
        "TotalRevenue": NaN,
        "TotalUnusualItems": NaN,
        "TotalUnusualItemsExcludingGoodwill": NaN
    },
    {
        "asOfDate": "2025-03-31 00:00:00",
        "periodType": "TTM",
        "currencyCode": "KRW",
        "BasicAverageShares": 260293285.0,
        "BasicEPS": 47457.771231,
        "CostOfRevenue": 142679443000000.0,
        "DilutedAverageShares": 260293285.0,
        "DilutedEPS": 47457.771231,
        "EBIT": 22368961000000.0,
        "EBITDA": 22368961000000.0,
        "GeneralAndAdministrativeExpense": 7117004000000.0,
        "GrossProfit": 36300932000000.0,
        "InterestExpense": NaN,
        "InterestExpenseNonOperating": NaN,
        "InterestIncome": NaN,
        "InterestIncomeNonOperating": NaN,
        "MinorityInterests": -783042000000.0,
        "NetIncome": 12453039000000.0,
        "NetIncomeCommonStockholders": 12453039000000.0,
        "NetIncomeContinuousOperations": 13236081000000.0,
        "NetIncomeDiscontinuousOperations": NaN,
        "NetIncomeFromContinuingAndDiscontinuedOperation": 12453039000000.0,
        "NetIncomeFromContinuingOperationNetMinorityInterest": 12453039000000.0,
        "NetIncomeIncludingNoncontrollingInterests": 13236081000000.0,
        "NetInterestIncome": 468858000000.0,
        "NetNonOperatingInterestIncomeExpense": 468858000000.0,
        "NormalizedEBITDA": 22659895000000.0,
        "NormalizedIncome": 12672849796037.816,
        "OperatingExpense": NaN,
        "OperatingIncome": 19661738000000.0,
        "OperatingRevenue": 178980375000000.0,
        "OtherNonOperatingIncomeExpenses": NaN,
        "OtherSpecialCharges": NaN,
        "PretaxIncome": 17518821000000.0,
        "ReconciledCostOfRevenue": 142679443000000.0,
        "ReconciledDepreciation": NaN,
        "ResearchAndDevelopment": NaN,
        "SellingAndMarketingExpense": NaN,
        "SellingGeneralAndAdministration": 16088152000000.0,
        "SpecialIncomeCharges": NaN,
        "TaxEffectOfUnusualItems": -71123203962.18445,
        "TaxProvision": 4282740000000.0,
        "TaxRateForCalcs": 0.244465,
        "TotalExpenses": 159318637000000.0,
        "TotalOperatingIncomeAsReported": 14315839000000.0,
        "TotalOtherFinanceCost": -70186000000.0,
        "TotalRevenue": 178980375000000.0,
        "TotalUnusualItems": -290934000000.0,
        "TotalUnusualItemsExcludingGoodwill": -290934000000.0
    }
]