[
    {
        "asOfDate": "2021-06-30 00:00:00",
        "periodType": "12M",
        "currencyCode": "USD",
        "BasicAverageShares": 7547000000.0,
        "BasicEPS": 8.12,
        "CostOfRevenue": 52232000000.0,
        "DilutedAverageShares": 7608000000.0,
        "DilutedEPS": 8.05,
        "DilutedNIAvailtoComStockholders": 61271000000.0,
        "EBIT": 73448000000.0,
        "EBITDA": 85134000000.0,
        "GainOnSaleOfSecurity": 1316000000.0,
        "GeneralAndAdministrativeExpense": 5107000000.0,
        "GrossProfit": 115856000000.0,
        "InterestExpense": 2346000000.0,
        "InterestExpenseNonOperating": 2346000000.0,
        "InterestIncome": 2131000000.0,
        "InterestIncomeNonOperating": 2131000000.0,
        "NetIncome": 61271000000.0,
        "NetIncomeCommonStockholders": 61271000000.0,
        "NetIncomeContinuousOperations": 61271000000.0,
        "NetIncomeFromContinuingAndDiscontinuedOperation": 61271000000.0,
        "NetIncomeFromContinuingOperationNetMinorityInterest": 61271000000.0,
        "NetIncomeIncludingNoncontrollingInterests": 61271000000.0,
        "NetInterestIncome": -215000000.0,
        "NetNonOperatingInterestIncomeExpense": -215000000.0,
        "NormalizedEBITDA": 83831000000.0,
        "NormalizedIncome": 60148160797.164635,
        "OperatingExpense": 45940000000.0,
        "OperatingIncome": 69916000000.0,
        "OperatingRevenue": 168088000000.0,
        "OtherGandA": 5107000000.0,
        "OtherIncomeExpense": 1401000000.0,
        "OtherNonOperatingIncomeExpenses": 98000000.0,
        "PretaxIncome": 71102000000.0,
        "ReconciledCostOfRevenue": 52232000000.0,
        "ReconciledDepreciation": 11686000000.0,
        "ResearchAndDevelopment": 20716000000.0,
        "SellingAndMarketingExpense": 20117000000.0,
        "SellingGeneralAndAdministration": 25224000000.0,
        "SpecialIncomeCharges": -13000000.0,
        "TaxEffectOfUnusualItems": 180160797.164637,
        "TaxProvision": 9831000000.0,
        "TaxRateForCalcs": 0.138266,
        "TotalExpenses": 98172000000.0,
        "TotalOperatingIncomeAsReported": 69916000000.0,
        "TotalRevenue": 168088000000.0,
        "TotalUnusualItems": 1303000000.0,
        "TotalUnusualItemsExcludingGoodwill": 1303000000.0,
        "WriteOff": 13000000.0
    },
    {
        "asOfDate": "2022-06-30 00:00:00",
        "periodType": "12M",
        "currencyCode": "USD",
        "BasicAverageShares": 7496000000.0,
        "BasicEPS": 9.7,
        "CostOfRevenue": 62650000000.0,
        "DilutedAverageShares": 7540000000.0,
        "DilutedEPS": 9.65,
        "DilutedNIAvailtoComStockholders": 72738000000.0,
        "EBIT": 85779000000.0,
        "EBITDA": 100239000000.0,
        "GainOnSaleOfSecurity": 435000000.0,
        "GeneralAndAdministrativeExpense": 5900000000.0,
        "GrossProfit": 135620000000.0,
        "InterestExpense": 2063000000.0,
        "InterestExpenseNonOperating": 2063000000.0,
        "InterestIncome": 2094000000.0,
        "InterestIncomeNonOperating": 2094000000.0,
        "NetIncome": 72738000000.0,
        "NetIncomeCommonStockholders": 72738000000.0,
        "NetIncomeContinuousOperations": 72738000000.0,
        "NetIncomeFromContinuingAndDiscontinuedOperation": 72738000000.0,
        "NetIncomeFromContinuingOperationNetMinorityInterest": 72738000000.0,
        "NetIncomeIncludingNoncontrollingInterests": 72738000000.0,
        "NetInterestIncome": 31000000.0,
        "NetNonOperatingInterestIncomeExpense": 31000000.0,
        "NormalizedEBITDA": 99905000000.0,
        "NormalizedIncome": 72447754000.0,
        "OperatingExpense": 52237000000.0,
        "OperatingIncome": 83383000000.0,
        "OperatingRevenue": 198270000000.0,
        "OtherGandA": 5900000000.0,
        "OtherIncomeExpense": 302000000.0,
        "OtherNonOperatingIncomeExpenses": -32000000.0,
        "PretaxIncome": 83716000000.0,
        "ReconciledCostOfRevenue": 62650000000.0,
        "ReconciledDepreciation": 14460000000.0,
        "ResearchAndDevelopment": 24512000000.0,
        "SellingAndMarketingExpense": 21825000000.0,
        "SellingGeneralAndAdministration": 27725000000.0,
        "SpecialIncomeCharges": -101000000.0,
        "TaxEffectOfUnusualItems": 43754000.0,
        "TaxProvision": 10978000000.0,
        "TaxRateForCalcs": 0.131,
        "TotalExpenses": 114887000000.0,
        "TotalOperatingIncomeAsReported": 83383000000.0,
        "TotalRevenue": 198270000000.0,
        "TotalUnusualItems": 334000000.0,
        "TotalUnusualItemsExcludingGoodwill": 334000000.0,
        "WriteOff": 101000000.0
    },
    {
        "asOfDate": "2023-06-30 00:00:00",
        "periodType": "12M",
        "currencyCode": "USD",
        "BasicAverageShares": 7446000000.0,
        "BasicEPS": 9.72,
        "CostOfRevenue": 65863000000.0,
        "DilutedAverageShares": 7472000000.0,
        "DilutedEPS": 9.68,
        "DilutedNIAvailtoComStockholders": 72361000000.0,
        "EBIT": 91279000000.0,
        "EBITDA": 105140000000.0,
        "GainOnSaleOfSecurity": 15000000.0,
        "GeneralAndAdministrativeExpense": 7575000000.0,
        "GrossProfit": 146052000000.0,
        "InterestExpense": 1968000000.0,
        "InterestExpenseNonOperating": 1968000000.0,
        "InterestIncome": 2994000000.0,
        "InterestIncomeNonOperating": 2994000000.0,
        "NetIncome": 72361000000.0,
        "NetIncomeCommonStockholders": 72361000000.0,
        "NetIncomeContinuousOperations": 72361000000.0,
        "NetIncomeFromContinuingAndDiscontinuedOperation": 72361000000.0,
        "NetIncomeFromContinuingOperationNetMinorityInterest": 72361000000.0,
        "NetIncomeIncludingNoncontrollingInterests": 72361000000.0,
        "NetInterestIncome": 1026000000.0,
        "NetNonOperatingInterestIncomeExpense": 1026000000.0,
        "NormalizedEBITDA": 105155000000.0,
        "NormalizedIncome": 72373150000.0,
        "OperatingExpense": 57529000000.0,
        "OperatingIncome": 88523000000.0,
        "OperatingRevenue": 211915000000.0,
        "OtherGandA": 7575000000.0,
        "OtherIncomeExpense": -238000000.0,
        "OtherNonOperatingIncomeExpenses": -223000000.0,
        "PretaxIncome": 89311000000.0,
        "ReconciledCostOfRevenue": 65863000000.0,
        "ReconciledDepreciation": 13861000000.0,
        "ResearchAndDevelopment": 27195000000.0,
        "SellingAndMarketingExpense": 22759000000.0,
        "SellingGeneralAndAdministration": 30334000000.0,
        "SpecialIncomeCharges": -30000000.0,
        "TaxEffectOfUnusualItems": -2850000.0,
        "TaxProvision": 16950000000.0,
        "TaxRateForCalcs": 0.19,
        "TotalExpenses": 123392000000.0,
        "TotalOperatingIncomeAsReported": 88523000000.0,
        "TotalRevenue": 211915000000.0,
        "TotalUnusualItems": -15000000.0,
        "TotalUnusualItemsExcludingGoodwill": -15000000.0,
        "WriteOff": 30000000.0
    },
    {
        "asOfDate": "2023-09-30 00:00:00",
        "periodType": "TTM",
        "currencyCode": "USD",
        "BasicAverageShares": 7439000000.0,
        "BasicEPS": 10.37,
        "CostOfRevenue": NaN,
        "DilutedAverageShares": 7466250000.0,
        "DilutedEPS": 10.32,
        "DilutedNIAvailtoComStockholders": NaN,
        "EBIT": NaN,
        "EBITDA": NaN,
        "GainOnSaleOfSecurity": NaN,
        "GeneralAndAdministrativeExpense": NaN,
        "GrossProfit": NaN,
        "InterestExpense": NaN,
        "InterestExpenseNonOperating": NaN,
        "InterestIncome": NaN,
        "InterestIncomeNonOperating": NaN,
        "NetIncome": NaN,
        "NetIncomeCommonStockholders": NaN,
        "NetIncomeContinuousOperations": NaN,
        "NetIncomeFromContinuingAndDiscontinuedOperation": NaN,
        "NetIncomeFromContinuingOperationNetMinorityInterest": NaN,
        "NetIncomeIncludingNoncontrollingInterests": NaN,
        "NetInterestIncome": NaN,
        "NetNonOperatingInterestIncomeExpense": NaN,
        "NormalizedEBITDA": NaN,
        "NormalizedIncome": NaN,
        "OperatingExpense": NaN,
        "OperatingIncome": NaN,
        "OperatingRevenue": NaN,
        "OtherGandA": NaN,
        "OtherIncomeExpense": NaN,
        "OtherNonOperatingIncomeExpenses": NaN,
        "PretaxIncome": NaN,
        "ReconciledCostOfRevenue": NaN,
        "ReconciledDepreciation": NaN,
        "ResearchAndDevelopment": NaN,
        "SellingAndMarketingExpense": NaN,
        "SellingGeneralAndAdministration": NaN,
        "SpecialIncomeCharges": NaN,
        "TaxEffectOfUnusualItems": NaN,
        "TaxProvision": NaN,
        "TaxRateForCalcs": NaN,
        "TotalExpenses": NaN,
        "TotalOperatingIncomeAsReported": NaN,
        "TotalRevenue": NaN,
        "TotalUnusualItems": NaN,
        "TotalUnusualItemsExcludingGoodwill": NaN,
        "WriteOff": NaN
    },
    {
        "asOfDate": "2023-12-31 00:00:00",
        "periodType": "TTM",
        "currencyCode": "USD",
        "BasicAverageShares": 7434500000.0,
        "BasicEPS": 11.1,
        "CostOfRevenue": NaN,
        "DilutedAverageShares": 7465000000.0,
        "DilutedEPS": 11.06,
        "DilutedNIAvailtoComStockholders": NaN,
        "EBIT": NaN,
        "EBITDA": NaN,
        "GainOnSaleOfSecurity": NaN,
        "GeneralAndAdministrativeExpense": NaN,
        "GrossProfit": NaN,
        "InterestExpense": NaN,
        "InterestExpenseNonOperating": NaN,
        "InterestIncome": NaN,
        "InterestIncomeNonOperating": NaN,
        "NetIncome": NaN,
        "NetIncomeCommonStockholders": NaN,
        "NetIncomeContinuousOperations": NaN,
        "NetIncomeFromContinuingAndDiscontinuedOperation": NaN,
        "NetIncomeFromContinuingOperationNetMinorityInterest": NaN,
        "NetIncomeIncludingNoncontrollingInterests": NaN,
        "NetInterestIncome": NaN,
        "NetNonOperatingInterestIncomeExpense": NaN,
        "NormalizedEBITDA": NaN,
        "NormalizedIncome": NaN,
        "OperatingExpense": NaN,
        "OperatingIncome": NaN,
        "OperatingRevenue": NaN,
        "OtherGandA": NaN,
        "OtherIncomeExpense": NaN,
        "OtherNonOperatingIncomeExpenses": NaN,
        "PretaxIncome": NaN,
        "ReconciledCostOfRevenue": NaN,
        "ReconciledDepreciation": NaN,
        "ResearchAndDevelopment": NaN,
        "SellingAndMarketingExpense": NaN,
        "SellingGeneralAndAdministration": NaN,
        "SpecialIncomeCharges": NaN,
        "TaxEffectOfUnusualItems": NaN,
        "TaxProvision": NaN,
        "TaxRateForCalcs": NaN,
        "TotalExpenses": NaN,
        "TotalOperatingIncomeAsReported": NaN,
        "TotalRevenue": NaN,
        "TotalUnusualItems": NaN,
        "TotalUnusualItemsExcludingGoodwill": NaN,
        "WriteOff": NaN
    },
    {
        "asOfDate": "2024-03-31 00:00:00",
        "periodType": "TTM",
        "currencyCode": "USD",
        "BasicAverageShares": 7431750000.0,
        "BasicEPS": 11.6,
        "CostOfRevenue": NaN,
        "DilutedAverageShares": 7466750000.0,
        "DilutedEPS": 11.54,
        "DilutedNIAvailtoComStockholders": NaN,
        "EBIT": NaN,
        "EBITDA": NaN,
        "GainOnSaleOfSecurity": NaN,
        "GeneralAndAdministrativeExpense": NaN,
        "GrossProfit": NaN,
        "InterestExpense": NaN,
        "InterestExpenseNonOperating": NaN,
        "InterestIncome": NaN,
        "InterestIncomeNonOperating": NaN,
        "NetIncome": NaN,
        "NetIncomeCommonStockholders": NaN,
        "NetIncomeContinuousOperations": NaN,
        "NetIncomeFromContinuingAndDiscontinuedOperation": NaN,
        "NetIncomeFromContinuingOperationNetMinorityInterest": NaN,
        "NetIncomeIncludingNoncontrollingInterests": NaN,
        "NetInterestIncome": NaN,
        "NetNonOperatingInterestIncomeExpense": NaN,
        "NormalizedEBITDA": NaN,
        "NormalizedIncome": NaN,
        "OperatingExpense": NaN,
        "OperatingIncome": NaN,
        "OperatingRevenue": NaN,
        "OtherGandA": NaN,
        "OtherIncomeExpense": NaN,
        "OtherNonOperatingIncomeExpenses": NaN,
        "PretaxIncome": NaN,
        "ReconciledCostOfRevenue": NaN,
        "ReconciledDepreciation": NaN,
        "ResearchAndDevelopment": NaN,
        "SellingAndMarketingExpense": NaN,
        "SellingGeneralAndAdministration": NaN,
        "SpecialIncomeCharges": NaN,
        "TaxEffectOfUnusualItems": NaN,
        "TaxProvision": NaN,
        "TaxRateForCalcs": NaN,
        "TotalExpenses": NaN,
        "TotalOperatingIncomeAsReported": NaN,
        "TotalRevenue": NaN,
        "TotalUnusualItems": NaN,
        "TotalUnusualItemsExcludingGoodwill": NaN,
        "WriteOff": NaN
    },
    {
        "asOfDate": "2024-06-30 00:00:00",
        "periodType": "12M",
        "currencyCode": "USD",
        "BasicAverageShares": 7431000000.0,
        "BasicEPS": 11.86,
        "CostOfRevenue": 74114000000.0,
        "DilutedAverageShares": 7469000000.0,
        "DilutedEPS": 11.8,
        "DilutedNIAvailtoComStockholders": 88136000000.0,
        "EBIT": 110722000000.0,
        "EBITDA": 133009000000.0,
        "GainOnSaleOfSecurity": -343000000.0,
        "GeneralAndAdministrativeExpense": 7609000000.0,
        "GrossProfit": 171008000000.0,
        "InterestExpense": 2935000000.0,
        "InterestExpenseNonOperating": 2935000000.0,
        "InterestIncome": 3157000000.0,
        "InterestIncomeNonOperating": 3157000000.0,
        "NetIncome": 88136000000.0,
        "NetIncomeCommonStockholders": 88136000000.0,
        "NetIncomeContinuousOperations": 88136000000.0,
        "NetIncomeFromContinuingAndDiscontinuedOperation": 88136000000.0,
        "NetIncomeFromContinuingOperationNetMinorityInterest": 88136000000.0,
        "NetIncomeIncludingNoncontrollingInterests": 88136000000.0,
        "NetInterestIncome": 222000000.0,
        "NetNonOperatingInterestIncomeExpense": 222000000.0,
        "NormalizedEBITDA": 133558000000.0,
        "NormalizedIncome": 88585082000.0,
        "OperatingExpense": 61575000000.0,
        "OperatingIncome": 109433000000.0,
        "OperatingRevenue": 245122000000.0,
        "OtherGandA": 7609000000.0,
        "OtherIncomeExpense": -1868000000.0,
        "OtherNonOperatingIncomeExpenses": -1319000000.0,
        "PretaxIncome": 107787000000.0,
        "ReconciledCostOfRevenue": 74114000000.0,
        "ReconciledDepreciation": 22287000000.0,
        "ResearchAndDevelopment": 29510000000.0,
        "SellingAndMarketingExpense": 24456000000.0,
        "SellingGeneralAndAdministration": 32065000000.0,
        "SpecialIncomeCharges": -206000000.0,
        "TaxEffectOfUnusualItems": -99918000.0,
        "TaxProvision": 19651000000.0,
        "TaxRateForCalcs": 0.182,
        "TotalExpenses": 135689000000.0,
        "TotalOperatingIncomeAsReported": 109433000000.0,
        "TotalRevenue": 245122000000.0,
        "TotalUnusualItems": -549000000.0,
        "TotalUnusualItemsExcludingGoodwill": -549000000.0,
        "WriteOff": 206000000.0
    },
    {
        "asOfDate": "2024-09-30 00:00:00",
        "periodType": "TTM",
        "currencyCode": "USD",
        "BasicAverageShares": 7432000000.0,
        "BasicEPS": 12.18,
        "CostOfRevenue": NaN,
        "DilutedAverageShares": 7471000000.0,
        "DilutedEPS": 12.11,
        "DilutedNIAvailtoComStockholders": NaN,
        "EBIT": NaN,
        "EBITDA": NaN,
        "GainOnSaleOfSecurity": NaN,
        "GeneralAndAdministrativeExpense": NaN,
        "GrossProfit": NaN,
        "InterestExpense": NaN,
        "InterestExpenseNonOperating": NaN,
        "InterestIncome": NaN,
        "InterestIncomeNonOperating": NaN,
        "NetIncome": NaN,
        "NetIncomeCommonStockholders": NaN,
        "NetIncomeContinuousOperations": NaN,
        "NetIncomeFromContinuingAndDiscontinuedOperation": NaN,
        "NetIncomeFromContinuingOperationNetMinorityInterest": NaN,
        "NetIncomeIncludingNoncontrollingInterests": NaN,
        "NetInterestIncome": NaN,
        "NetNonOperatingInterestIncomeExpense": NaN,
        "NormalizedEBITDA": NaN,
        "NormalizedIncome": NaN,
        "OperatingExpense": NaN,
        "OperatingIncome": NaN,
        "OperatingRevenue": NaN,
        "OtherGandA": NaN,
        "OtherIncomeExpense": NaN,
        "OtherNonOperatingIncomeExpenses": NaN,
        "PretaxIncome": NaN,
        "ReconciledCostOfRevenue": NaN,
        "ReconciledDepreciation": NaN,
        "ResearchAndDevelopment": NaN,
        "SellingAndMarketingExpense": NaN,
        "SellingGeneralAndAdministration": NaN,
        "SpecialIncomeCharges": NaN,
        "TaxEffectOfUnusualItems": NaN,
        "TaxProvision": NaN,
        "TaxRateForCalcs": NaN,
        "TotalExpenses": NaN,
        "TotalOperatingIncomeAsReported": NaN,
        "TotalRevenue": NaN,
        "TotalUnusualItems": NaN,
        "TotalUnusualItemsExcludingGoodwill": NaN,
        "WriteOff": NaN
    },
    {
        "asOfDate": "2024-12-31 00:00:00",
        "periodType": "TTM",
        "currencyCode": "USD",
        "BasicAverageShares": 7432500000.0,
        "BasicEPS": 12.48,
        "CostOfRevenue": NaN,
        "DilutedAverageShares": 7471000000.0,
        "DilutedEPS": 12.41,
        "DilutedNIAvailtoComStockholders": NaN,
        "EBIT": NaN,
        "EBITDA": NaN,
        "GainOnSaleOfSecurity": NaN,
        "GeneralAndAdministrativeExpense": NaN,
        "GrossProfit": NaN,
        "InterestExpense": NaN,
        "InterestExpenseNonOperating": NaN,
        "InterestIncome": NaN,
        "InterestIncomeNonOperating": NaN,
        "NetIncome": NaN,
        "NetIncomeCommonStockholders": NaN,
        "NetIncomeContinuousOperations": NaN,
        "NetIncomeFromContinuingAndDiscontinuedOperation": NaN,
        "NetIncomeFromContinuingOperationNetMinorityInterest": NaN,
        "NetIncomeIncludingNoncontrollingInterests": NaN,
        "NetInterestIncome": NaN,
        "NetNonOperatingInterestIncomeExpense": NaN,
        "NormalizedEBITDA": NaN,
        "NormalizedIncome": NaN,
        "OperatingExpense": NaN,
        "OperatingIncome": NaN,
        "OperatingRevenue": NaN,
        "OtherGandA": NaN,
        "OtherIncomeExpense": NaN,
        "OtherNonOperatingIncomeExpenses": NaN,
        "PretaxIncome": NaN,
        "ReconciledCostOfRevenue": NaN,
        "ReconciledDepreciation": NaN,
        "ResearchAndDevelopment": NaN,
        "SellingAndMarketingExpense": NaN,
        "SellingGeneralAndAdministration": NaN,
        "SpecialIncomeCharges": NaN,
        "TaxEffectOfUnusualItems": NaN,
        "TaxProvision": NaN,
        "TaxRateForCalcs": NaN,
        "TotalExpenses": NaN,
        "TotalOperatingIncomeAsReported": NaN,
        "TotalRevenue": NaN,
        "TotalUnusualItems": NaN,
        "TotalUnusualItemsExcludingGoodwill": NaN,
        "WriteOff": NaN
    },
    {
        "asOfDate": "2025-03-31 00:00:00",
        "periodType": "TTM",
        "currencyCode": "USD",
        "BasicAverageShares": 7433250000.0,
        "BasicEPS": 12.99,
        "CostOfRevenue": 83501000000.0,
        "DilutedAverageShares": 7468250000.0,
        "DilutedEPS": 12.94,
        "DilutedNIAvailtoComStockholders": 96635000000.0,
        "EBIT": 120732000000.0,
        "EBITDA": 150062000000.0,
        "GainOnSaleOfSecurity": 394000000.0,
        "GeneralAndAdministrativeExpense": 7479000000.0,
        "GrossProfit": 186509000000.0,
        "InterestExpense": 2471000000.0,
        "InterestExpenseNonOperating": 2471000000.0,
        "InterestIncome": 2516000000.0,
        "InterestIncomeNonOperating": 2516000000.0,
        "NetIncome": 96635000000.0,
        "NetIncomeCommonStockholders": 96635000000.0,
        "NetIncomeContinuousOperations": 96635000000.0,
        "NetIncomeFromContinuingAndDiscontinuedOperation": 96635000000.0,
        "NetIncomeFromContinuingOperationNetMinorityInterest": 96635000000.0,
        "NetIncomeIncludingNoncontrollingInterests": 96635000000.0,
        "NetInterestIncome": 45000000.0,
        "NetNonOperatingInterestIncomeExpense": 45000000.0,
        "NormalizedEBITDA": 150588000000.0,
        "NormalizedIncome": 97064812110.50134,
        "OperatingExpense": 64379000000.0,
        "OperatingIncome": 122130000000.0,
        "OperatingRevenue": 270010000000.0,
        "OtherGandA": 7479000000.0,
        "OtherIncomeExpense": -3914000000.0,
        "OtherNonOperatingIncomeExpenses": -3388000000.0,
        "PretaxIncome": 118261000000.0,
        "ReconciledCostOfRevenue": 83501000000.0,
        "ReconciledDepreciation": 29330000000.0,
        "ResearchAndDevelopment": 31715000000.0,
        "SellingAndMarketingExpense": 25185000000.0,
        "SellingGeneralAndAdministration": 32664000000.0,
        "SpecialIncomeCharges": -920000000.0,
        "TaxEffectOfUnusualItems": -96187889.498651,
        "TaxProvision": 21626000000.0,
        "TaxRateForCalcs": 0.182867,
        "TotalExpenses": 147880000000.0,
        "TotalOperatingIncomeAsReported": 122130000000.0,
        "TotalRevenue": 270010000000.0,
        "TotalUnusualItems": -526000000.0,
        "TotalUnusualItemsExcludingGoodwill": -526000000.0,
        "WriteOff": 920000000.0
    }
]